@article{biex_paper,
title = {Diffusion quantum Monte Carlo study of excitonic complexes in
two-dimensional transition-metal dichalcogenides},
author = {Mostaani, E. and Szyniszewski, M. and Price, C. H. and Maezono, R.
and Danovich, M. and Hunt, R. J. and Drummond, N. D. and Fal'ko, V. I.},
journal = {Phys. Rev. B},
volume = {96},
issue = {7},
pages = {075431},
numpages = {24},
year = {2017},
month = {Aug},
publisher = {American Physical Society},
doi = {10.1103/PhysRevB.96.075431},
url = {https://link.aps.org/doi/10.1103/PhysRevB.96.075431}
}

@article{Keldysh1979,
title={Coulomb interaction in thin semiconductor and semimetal films},
author={Keldysh, L. V.},
journal={JETP Letters},
volume={29},
pages={658},
year={1979}
}

@article{Keldysh1986,
title={The electron-hole liquid in semiconductors},
author={Keldysh, L. V.},
journal={Contemporary Physics},
volume={27},
number={5},
pages={395--428},
year={1986},
publisher={Taylor \& Francis}
}

@article{Almand2014,
title={Quantum droplets of electrons and holes},
author={Almand-Hunter, A. E. and Li, H. and Cundiff, S. T. and Mootz, M. and
Kira, M. and Koch, S. W.},
journal={Nature},
volume={506},
number={7489},
pages={471--475},
year={2014},
publisher={Nature Research}
}

@book{Martin2016,
title={Interacting Electrons},
author={Martin, R. M. and Reining, L. and Ceperley, D. M.},
year={2016},
publisher={Cambridge University Press}
}

@article{trion_paper,
author = {{Witham}, O. and {Hunt}, R.~J. and {Drummond}, N.~D.},
title = "{Stability of trions in coupled quantum wells modelled by two-dimensional bilayers}",
journal = {arXiv 1707.09427 (submitted)},
archivePrefix = "arXiv",
year = 2017,
month = jul,
}

@article{Faddeev1961,
  title={Scattering theory for a three particle system},
  author={Faddeev, L. D.},
  journal={Sov. Phys. JETP},
  volume={12},
  number={5},
  pages={1014},
  year={1961}
}

@article{biexpaper,
title = {Diffusion quantum Monte Carlo study of excitonic complexes in
two-dimensional transition-metal dichalcogenides},
author = {Mostaani, E. and Szyniszewski, M. and Price, C. H. and Maezono, R.
and Danovich, M. and Hunt, R. J. and Drummond, N. D. and Fal'ko, V. I.},
journal = {Phys. Rev. B},
volume = {96},
pages = {075431},
year = {2017},
month = {Aug},
publisher = {American Physical Society}
}
