# Cusp conditions (I)
@article{Kato1957,
title={On the eigenfunctions of many-particle systems in quantum mechanics},
author={Kato, T.},
journal={{Communications on Pure and Applied Mathematics}},
volume={10},
number={2},
pages={151--177},
year={1957},
publisher={Wiley Online Library}
}

# Cusp conditions (II)
@article{Pack1966,
title={Cusp conditions for molecular wavefunctions},
author={Pack, R. T. and Brown, W. B.},
journal={{The Journal of Chemical Physics}},
volume={45},
number={2},
pages={556--559},
year={1966},
publisher={AIP}
}

# Gaussian cusps
@article{Ma2005,
title={Scheme for adding electron--nucleus cusps to Gaussian orbitals},
author={Ma, A. and Towler, M. D. and Drummond, N. D. and Needs, R. J.},
journal={{The Journal of Chemical Physics}},
volume={122},
number={22},
pages={224322},
year={2005},
publisher={AIP}
}

# CASINO Jastrow factor
@article{Drummond2004,
title={Jastrow correlation factor for atoms, molecules, and solids},
author={Drummond, N. D. and Towler, M. D. and Needs, R. J.},
journal={Physical Review B},
volume={70},
number={23},
pages={235119},
year={2004},
publisher={APS}
}

# RW variance minimisation for wave functions
@article{Umrigar1988,
title={{Optimized trial wave functions for quantum Monte Carlo calculations}},
author={Umrigar, C. J. and Wilson, K. G. and Wilkins, J. W.},
journal={{Physical Review Letters}},
volume={60},
number={17},
pages={1719},
year={1988},
publisher={APS}
}

@article{Kent1999,
title={{Monte Carlo energy and variance-minimization techniques for optimizing
many-body wave functions}},
author={Kent, P. R. C. and Needs, R. J. and Rajagopal, G.},
journal={{Physical Review B}},
volume={59},
number={19},
pages={12344},
year={1999},
publisher={APS}
}

# varmin_linjas
@article{Drummond2005,
title={{Variance-minimization scheme for optimizing Jastrow factors}},
author={Drummond, N. D. and Needs, R. J.},
journal={{Physical Review B}},
volume={72},
number={8},
pages={085124},
year={2005},
publisher={APS}
}

# MADmin:
# CASINO DIARY, NDD, MedAD min, MeanAD min tests.

# diagonalisation
@article{Nightingale2001,
title={{Optimization of ground-and excited-state wave functions and van der
Waals clusters}},
author={Nightingale, M. P. and Melik-Alaverdian, V.},
journal={{Physical Review Letters}},
volume={87},
number={4},
pages={043401},
year={2001},
publisher={APS}
}

# diagonalisation - eigenstates by action on basis states
@article{Toulouse2007,
title={{Optimization of quantum Monte Carlo wave functions by energy minimization}},
author={Toulouse, J. and Umrigar, C. J.},
journal={{The Journal of Chemical Physics}},
volume={126},
number={8},
pages={084102},
year={2007},
publisher={AIP}
}

