@article{Foulkes2001,
author = {Foulkes, W. M. C. and Mitas, L. and Needs, R. J. and Rajagopal, G.},
journal = {RMP},
number = {1},
pages = {33--83},
title = {{Quantum Monte Carlo simulations of solids}},
volume = {{\bf 73}},
year = {2001}
}

@article{Dirac1929,
author = {Dirac, P. A. M.},
journal = {Proc. Royal Soc. A},
number = {792},
pages = {714--733},
title = {Quantum Mechanics of Many-Electron Systems},
volume = {{\bf 123}},
year = {1929}
}

@article{Kohn1999,
title={Nobel Lecture: Electronic structure of matterâ€”wave functions and density
functionals},
author={Kohn, W.},
journal={Reviews of Modern Physics},
volume={{\bf 71}},
number={5},
pages={1253},
year={1999}
}


@article{Kato1957,
title={On the eigenfunctions of many-particle systems in quantum mechanics},
author={Kato, T.},
journal={Comms. on Pure and Appl. Math.},
volume={{\bf 10}},
number={2},
pages={151--177},
year={1957},
publisher={Wiley Online Library}
}

@article{Metropolis1949,
title={{The Monte Carlo method}},
author={Metropolis, N. and Ulam, S.},
journal={Journal of the American Statistical Association},
volume={{\bf 44}},
number={247},
pages={335--341},
year={1949}
}


@article{Cohen2016,
title={Dark High Density Dipolar Liquid of Excitons},
author={Cohen, K. and Shilo, Y. and West, K. and Pfeiffer, L. and Rapaport, R.},
journal={Nano Letters},
volume={{\bf 16}},
number={6},
pages={3726--3731},
year={2016}
}

% bhbn direct KK gap
@article{watanabe2004direct,
title={Direct-bandgap properties and evidence for ultraviolet lasing of
hexagonal boron nitride single crystal},
author={Watanabe, K. and Taniguchi, T. and Kanda, H.},
journal={Nature Materials},
volume={{\bf 3}},
number={6},
pages={404--409},
year={2004},
publisher={Nature Publishing Group}
}

