
@article{Ando1982,
title={Electronic properties of two-dimensional systems},
author={Ando, T. and Fowler, A. B. and Stern, F.},
journal={Rev. Mod. Phys.},
volume={54},
issue={2},
pages={437--672},
numpages={0},
year={1982},
month={Apr},
publisher={American Physical Society},
doi={10.1103/RevModPhys.54.437},
url={https://link.aps.org/doi/10.1103/RevModPhys.54.437}
}

@article{Keldysh1979,
author={L. V. Keldysh},
title={Coulomb interaction in thin semiconductor and semimetal films},
journal={J.\ Exp.\ Theor.\ Phys.},
volume={29},
number={11},
pages={658},
url={http://www.jetpletters.ac.ru/ps/1458/article_22207.shtml},
year={1979}
}

@article{Rytova1965,
title={Coulomb interaction of electrons in a thin film},
author={Rytova, N. S.},
journal={Dokl. Akad. Nauk. SSSR},
volume={163},
pages={1118--1120},
year={1965}
}

@article{Rytova1967,
title={Screened potential of a point charge in the thin film},
author={Rytova, N. S.},
journal={Vestn. Mosk. Univ. Fiz. Astron.},
volume={3},
pages={30--37},
year={1967}
}

@article{Foulkes2001,
author={Foulkes, W. M. C. and Mitas, L. and Needs, R. J. and Rajagopal, G.},
journal={Rev. Mod. Phys.},
number={1},
pages={33--83},
title={{Quantum Monte Carlo simulations of solids}},
volume={{\bf 73}},
year={2001}
}

@article{Kato1957,
title={On the eigenfunctions of many-particle systems in quantum mechanics},
author={Kato, T.},
journal={Comms. on Pure and Appl. Math.},
volume={10},
number={2},
pages={151--177},
year={1957},
publisher={Wiley Online Library}
}

@article{Rasch2014,
title={Communication: Fixed-node errors in quantum Monte Carlo: Interplay of
electron density and node nonlinearities},
author={Rasch, K. M. and Hu, S. and Mitas, L.},
journal={J. Chem. Phys.},
volume={140},
number={4},
pages={041102},
year={2014},
doi={10.1063/1.4862496},
url={https://doi.org/10.1063/1.4862496}
}

@article{Kulahlioglu2014,
title={Density dependence of fixed-node errors in diffusion quantum Monte
Carlo: Triplet pair correlations},
author={Kulahlioglu, A. H. and Rasch, K. and Hu, S. and Mitas, L.},
journal={Chem. Phys. Lett.},
volume={591},
pages={170--174},
year={2014},
publisher={Elsevier}
}

@article{Ceperley1980,
title={Ground State of the Electron Gas by a Stochastic Method},
author={Ceperley, D. M. and Alder, B. J.},
journal={Phys. Rev. Lett.},
volume={45},
issue={7},
pages={566--569},
year={1980},
publisher={American Physical Society},
doi={10.1103/PhysRevLett.45.566},
url={https://link.aps.org/doi/10.1103/PhysRevLett.45.566}
}

@article{Chakravorty1993,
title={Ground-state correlation energies for atomic ions with 3 to 18
electrons},
author={Chakravorty, S. J. and Gwaltney, S. R. and Davidson, E. R. and
Parpia, F. A. and Fischer, C. F.},
journal={Phys. Rev. A},
volume={47},
number={5},
pages={3649},
year={1993},
publisher={American Physical Society},
doi={10.1103/PhysRevA.47.3649},
url={http://link.aps.org/doi/10.1103/PhysRevA.47.3649}
}

@article{yang2015,
title={Optical tuning of exciton and trion emissions in monolayer phosphorene},
author={Yang, J. and Xu, R. and Pei, J. and Myint, Y. W. and Wang, F. and
Wang, Z. and Zhang, S. and Yu, Z. and Lu, Y.},
journal={Light Sci. Appl.},
volume={4},
number={7},
pages={e312},
year={2015},
publisher={Nature Publishing Group}
}

@article{Hipes2011,
title={Diffusion Monte Carlo method with symmetry-constrained
variational principle for degenerate excited states},
author={Hipes, P. G.},
journal={Phys. Rev. B},
volume={83},
issue={19},
pages={195118},
numpages={12},
year={2011},
publisher={American Physical Society},
doi={10.1103/PhysRevB.83.195118},
url={https://link.aps.org/doi/10.1103/PhysRevB.83.195118}
}

@article{MacDonald1933,
title={Successive Approximations by the Rayleigh-Ritz Variation Method},
author={MacDonald, J. K. L.},
journal={Phys. Rev.},
volume={43},
issue={10},
pages={830--833},
numpages={0},
year={1933},
publisher={American Physical Society},
doi={10.1103/PhysRev.43.830},
url={https://link.aps.org/doi/10.1103/PhysRev.43.830}
}

@article{Zhao2016,
author={Zhao, L. and Neuscamman, E.},
title={An Efficient Variational Principle for the Direct Optimization of
Excited States},
journal={J. Chem. Theory Comput.},
volume={12},
number={8},
pages={3436-3440},
year={2016},
doi={10.1021/acs.jctc.6b00508},
url={https://doi.org/10.1021/acs.jctc.6b00508}
}

@article{Foulkes1999,
author={Foulkes, W. M. C and Hood, R. Q. and Needs, R. J.},
title={{Symmetry constraints and variational principles in diffusion quantum
Monte Carlo calculations of excited-state energies}},
journal={Phys. Rev. B},
number={7},
pages={4558},
volume={60},
year={1999},
doi={10.1103/PhysRevB.60.4558},
url={http://link.aps.org/doi/10.1103/PhysRevB.60.4558}
}


@article{lopezrios2006,
author={Lopez Rios, P. and Ma, A. and Drummond, N. D. and
Towler, M. D. and Needs, R. J.},
title={Inhomogeneous backflow transformations in quantum Monte Carlo
calculations},
journal={Phys. Rev. E},
volume={74},
pages={066701},
year={2006},
publisher={American Physical Society},
doi={10.1103/PhysRevE.74.066701},
url={http://link.aps.org/doi/10.1103/PhysRevE.74.066701}
}

@article{Needs2009,
title={Continuum variational and diffusion quantum Monte Carlo calculations},
author={Needs, R. J. and Towler, M. D. and Drummond, N. D. and
Lopez Rios, P.},
journal={J. Phys. Condens. Matter},
volume={22},
number={2},
pages={023201},
year={2009},
publisher={IOP Publishing},
doi={10.1088/0953-8984/22/2/023201},
url={http://stacks.iop.org/0953-8984/22/i=2/a=023201}
}

@article{Kent1998,
author={Kent, P. R. C. and Hood, R. Q. and Towler, M. D. and Needs, R. J. and
Rajagopal, G.},
title={{Quantum Monte Carlo calculations of the one-body density matrix and
excitation energies of silicon}},
journal={Phys. Rev. B},
number={24},
pages={15293},
volume={57},
year={1998},
doi={10.1103/PhysRevB.57.15293},
url={http://link.aps.org/doi/10.1103/PhysRevB.57.15293}
}

@article{Williamson1998,
author={Williamson, A. J. and Hood, R. Q. and Needs, R. J. and Rajagopal, G.},
title={{Diffusion quantum Monte Carlo calculations of the excited states of
silicon}},
journal={Phys. Rev. B},
number={19},
pages={12140},
volume={57},
year={1998},
doi={10.1103/PhysRevB.57.12140},
url={http://link.aps.org/doi/10.1103/PhysRevB.57.12140}
}

@article{Frank2018,
author={Frank, T. and Derian, R. and Tokar, K. and Mitas, L. and
Fabian, J. and Stich, I.},
title={{Many-body quantum Monte Carlo study of 2D materials: cohesion and
band gap in single-layer phosphorene}},
journal={arXiv:1805.10823},
keywords={Condensed Matter - Mesoscale and Nanoscale Physics},
year=2018,
adsurl={http://adsabs.harvard.edu/abs/2018arXiv180510823F},
adsnote={Provided by the SAO/NASA Astrophysics Data System}
}

@article{Hunt2018,
title={Quantum Monte Carlo calculations of energy gaps from first principles},
author={Hunt, R. J. and Szyniszewski, M. and Prayogo, G. I. and Maezono, R. and Drummond, N. D.},
journal={Phys. Rev. B},
volume={98},
issue={7},
pages={075122},
numpages={22},
year={2018},
publisher={American Physical Society},
doi={10.1103/PhysRevB.98.075122},
url={https://link.aps.org/doi/10.1103/PhysRevB.98.075122}
}


@article{Hummer2004,
title={Lowest Optical Excitations in Molecular Crystals: Bound Excitons
versus Free Electron-Hole Pairs in Anthracene},
author={Hummer, K. and Puschnig, P. and Ambrosch-Draxl, C.},
journal={Phys. Rev. Lett.},
volume={92},
issue={14},
pages={147402},
numpages={4},
year={2004},
publisher={American Physical Society},
doi={10.1103/PhysRevLett.92.147402},
url={https://link.aps.org/doi/10.1103/PhysRevLett.92.147402}
}

@article{Drummond2005,
title={{Electron emission from diamondoids: a diffusion quantum Monte Carlo
study}},
author={Drummond, N. D. and Williamson, A. J. and Needs, R. J. and Galli, G.},
journal={Phys. Rev. Lett.},
volume={95},
number={9},
pages={096801},
year={2005},
publisher={American Physical Society},
doi={10.1103/PhysRevLett.95.096801},
url={https://link.aps.org/doi/10.1103/PhysRevLett.95.096801}
}


@article{carvalho2016,
title={Phosphorene: from theory to applications},
author={Carvalho, A. and Wang, M. and Zhu, X. and Rodin, A. S. and Su, H. and Neto, A. H. C.},
journal={Nat. Rev. Mater.},
volume={1},
number={11},
pages={16061},
year={2016},
publisher={Nature Publishing Group}
}


@article{wang2015,
title={Highly anisotropic and robust excitons in monolayer black phosphorus},
author={Wang, X. and Jones, A. M. and Seyler, K. L. and Tran, V. and
Jia, Y. and Zhao, H. and Wang, H. and Yang, L. and Xu, X. and Xia, F.},
journal={Nat. Nanotechnol.},
volume={10},
number={6},
pages={517},
year={2015},
publisher={Nature Publishing Group}
}

@article{biex_paper,
title={Diffusion quantum Monte Carlo study of excitonic complexes in
two-dimensional transition-metal dichalcogenides},
author={Mostaani, E. and Szyniszewski, M. and Price, C. H. and Maezono, R. and
Danovich, M. and Hunt, R. J. and Drummond, N. D. and Fal'ko, V. I.},
journal={Phys. Rev. B},
volume={96},
issue={7},
pages={075431},
numpages={24},
year={2017},
month={Aug},
publisher={American Physical Society},
doi={10.1103/PhysRevB.96.075431},
url={https://link.aps.org/doi/10.1103/PhysRevB.96.075431}
}


@article{hbl_paper,
title={Localized interlayer complexes in heterobilayer transition metal
dichalcogenides},
author={Danovich, M. and Ruiz-Tijerina, D. A. and Hunt, R. J. and
Szyniszewski, M. and Drummond, N. D. and Fal'ko, V. I.},
journal={Phys. Rev. B},
volume={97},
issue={19},
pages={195452},
numpages={18},
year={2018},
month={May},
publisher={American Physical Society},
doi={10.1103/PhysRevB.97.195452},
url={https://link.aps.org/doi/10.1103/PhysRevB.97.195452}
}


@article{tri_paper,
title={Stability of trions in coupled quantum wells modeled by two-dimensional bilayers},
author={Witham, O. and Hunt, R. J. and Drummond, N. D.},
journal={Phys. Rev. B},
volume={97},
issue={7},
pages={075424},
numpages={6},
year={2018},
month={Feb},
publisher={American Physical Society},
doi={10.1103/PhysRevB.97.075424},
url={https://link.aps.org/doi/10.1103/PhysRevB.97.075424}
}


@article{ring_paper,
title={Binding energies of excitonic complexes in type-II quantum rings from
diffusion quantum Monte Carlo calculations},
author={Thomas, D. M. and Hunt, R. J. and Drummond, N. D. and Hayne, M.},
journal={Phys. Rev. B},
volume={99},
issue={11},
pages={115306},
numpages={6},
year={2019},
month={Mar},
publisher={American Physical Society},
doi={10.1103/PhysRevB.99.115306},
url={https://link.aps.org/doi/10.1103/PhysRevB.99.115306}
}
