@article{Mostaani2017,
title={Diffusion quantum Monte Carlo study of excitonic complexes in
two-dimensional transition-metal dichalcogenides},
author={Mostaani, E. and Szyniszewski, M. and Price, C. H. and Maezono, R. and
Danovich, M. and Hunt, R. J. and Drummond, N. D. and Fal'ko, V. I.},
journal={Phys. Rev. B},
volume={96},
issue={7},
pages={075431},
numpages={24},
year={2017},
month={Aug},
publisher={American Physical Society},
doi={10.1103/PhysRevB.96.075431},
url={https://link.aps.org/doi/10.1103/PhysRevB.96.075431}
}


@article{Needs2009,
title={Continuum variational and diffusion quantum Monte Carlo calculations},
author={Needs, R. J. and Towler, M. D. and Drummond, N. D. and
{L\'{o}pez R{\'\i}os}, P.},
journal={J. Phys. Condens. Matter},
volume={22},
number={2},
pages={023201},
year={2009},
publisher={IOP Publishing},
doi={10.1088/0953-8984/22/2/023201},
url={http://stacks.iop.org/0953-8984/22/i=2/a=023201}
}


@article{Hao2017,
title={Neutral and charged inter-valley biexcitons in monolayer MoSe{$_2$}},
author={Hao, K. and others},
journal={Nat. Commun.},
volume={8},
pages={15552},
year={2017},
publisher={Nature Publishing Group}
}

@book{Mahan_book,
title={{Many Particle Physics, Third Edition}},
author={Mahan, G. D.},
address={New York},
publisher={Plenum},
year=2000
}

@ARTICLE{gaps_paper,
   author={{Hunt}, R.~J. and {Szyniszewski}, M. and {Prayogo}, G.~I. and
  {Maezono}, R. and {Drummond}, N.~D.},
    title="{Quantum Monte Carlo calculations of energy gaps from first principles}",
  journal={arXiv:1806.04750 (submitted to PRB)},
archivePrefix="arXiv",
   eprint={1806.04750},
 primaryClass="cond-mat.mtrl-sci",
 keywords={Condensed Matter - Materials Science},
     year=2018,
    month=jun,
   adsurl={http://adsabs.harvard.edu/abs/2018arXiv180604750H},
  adsnote={Provided by the SAO/NASA Astrophysics Data System}
}


@article{Mahan_PRL,
title={Excitons in Metals},
author={Mahan, G. D.},
journal={Phys. Rev. Lett.},
volume={18},
issue={12},
pages={448--450},
numpages={0},
year={1967},
month={Mar},
publisher={American Physical Society},
doi={10.1103/PhysRevLett.18.448},
url={https://link.aps.org/doi/10.1103/PhysRevLett.18.448}
}


@article{Spink_ME,
title={Trion formation in a two-dimensional hole-doped electron gas},
author={Spink, G. G. and L\'opez R\'{\i}os, P. and Drummond, N. D. and
Needs, R. J.},
journal={Phys. Rev. B},
volume={94},
issue={4},
pages={041410},
numpages={5},
year={2016},
month={Jul},
publisher={American Physical Society},
doi={10.1103/PhysRevB.94.041410},
url={https://link.aps.org/doi/10.1103/PhysRevB.94.041410}
}


@article{hbl_paper,
title={Localized interlayer complexes in heterobilayer transition metal
dichalcogenides},
author={Danovich, M. and Ruiz-Tijerina, D. A. and Hunt, R. J. and
Szyniszewski, M. and Drummond, N. D. and Fal'ko, V. I.},
journal={Phys. Rev. B},
volume={97},
issue={19},
pages={195452},
numpages={18},
year={2018},
month={May},
publisher={American Physical Society},
doi={10.1103/PhysRevB.97.195452},
url={https://link.aps.org/doi/10.1103/PhysRevB.97.195452}
}


@article{Efimkin2017,
title={Many-body theory of trion absorption features in two-dimensional
semiconductors},
author={Efimkin, D. K. and MacDonald, A. H.},
journal={Phys. Rev. B},
volume={95},
issue={3},
pages={035417},
numpages={10},
year={2017},
month={Jan},
publisher={American Physical Society},
doi={10.1103/PhysRevB.95.035417},
url={https://link.aps.org/doi/10.1103/PhysRevB.95.035417}
}


@article{Efimkin2018,
title={Exciton-polarons in doped semiconductors in a strong magnetic field},
author={Efimkin, D. K. and MacDonald, A. H.},
journal={Phys. Rev. B},
volume={97},
issue={23},
pages={235432},
numpages={12},
year={2018},
month={Jun},
publisher={American Physical Society},
doi={10.1103/PhysRevB.97.235432},
url={https://link.aps.org/doi/10.1103/PhysRevB.97.235432}
}
