@article{Foulkes2001,
author = {Foulkes, W. M. C. and Mitas, L. and Needs, R. J. and Rajagopal, G.},
journal = {RMP},
number = {1},
pages = {33--83},
title = {{Quantum Monte Carlo simulations of solids}},
volume = {{\bf 73}},
year = {2001}
}

@article{hedin1965new,
  title={New method for calculating the one-particle Green's function with application to the electron-gas problem},
  author={Hedin, L.},
  journal={Phys. Rev.},
  volume={139},
  number={3A},
  pages={A796},
  year={1965},
  publisher={APS}
}

@article{aryasetiawan1998gw,
  title={The GW method},
  author={Aryasetiawan, F. and Gunnarsson, O.},
  journal={Rep. Prog. in Phys.},
  volume={61},
  number={3},
  pages={237},
  year={1998},
  publisher={IOP Publishing}
}

@article{kato1957eigenfunctions,
  title={On the eigenfunctions of many-particle systems in quantum mechanics},
  author={Kato, T.},
  journal={Comms. on Pure and Appl. Math.},
  volume={10},
  number={2},
  pages={151--177},
  year={1957},
  publisher={Wiley Online Library}
}

% benzothiazole IP
@article{eland1969photoelectron,
  title={Photoelectron spectra of conjugated hydrocarbons and heteromolecules},
  author={Eland, J. H. D.},
  journal={International Journal of Mass Spectrometry and Ion Physics},
  volume={2},
  number={6},
  pages={471--484},
  year={1969},
  publisher={Elsevier}
}

% anthracene IP
@article{hager1988two,
  title={Two-laser photoionization supersonic jet mass spectrometry of aromatic molecules},
  author={Hager, J. W. and Wallace, S. C.},
  journal={Analytical Chemistry},
  volume={60},
  number={1},
  pages={5--10},
  year={1988},
  publisher={ACS Publications}
}

% bhbn direct KK gap
@article{watanabe2004direct,
  title={Direct-bandgap properties and evidence for ultraviolet lasing of hexagonal boron nitride single crystal},
  author={Watanabe, K. and Taniguchi, T. and Kanda, H.},
  journal={Nature Materials},
  volume={3},
  number={6},
  pages={404--409},
  year={2004},
  publisher={Nature Publishing Group}
}

% CBN2
@article{Satta2001,
title = {{Ab initio optical properties of BN in the cubic and in the layered hexagonal phase}},
author = {Satta, G. and Cappellini, G. and Palummo, M. and Onida, G.},
journal = {Physical Review B},
volume = {64},
number = {3},
pages = {035104},
year = {2001}
}

% CBN2
@article{Satta2004,
title = {{Many-body effects in the electronic spectra of cubic boron nitride}},
author = {Satta, G. and Cappellini, G. and Olevano, V. and Reining, L.},
journal = {Physical Review B},
volume = {70},
number = {19},
pages = {195212},
year = {2004}
}

@article{Pickard2016,
  title = {Carbon nitride frameworks and dense crystalline polymorphs},
  author = {Pickard, C. J. and Salamat, A. and Bojdys, M. J. and Needs, R. J. and McMillan, P. F.},
  journal = {Phys. Rev. B},
  volume = {94},
  issue = {9},
  pages = {094104},
  year = {2016},
  publisher = {American Physical Society},
}

