@article{Dupuy2015,
author={Dupuy, N. and Bouaouli, S. and Mauri, F. and Sorella, S. and
Casula, M.},
title={Vertical and adiabatic excitations in anthracene from quantum Monte
Carlo: Constrained energy minimization for structural and electronic
excited-state properties in the JAGP ansatz},
journal={J. Chem. Phys.},
volume={142},
number={21},
pages={214109},
year={2015},
doi={10.1063/1.4922048},
url={https://doi.org/10.1063/1.4922048}
}

@article{Hipes2011,
title={Diffusion Monte Carlo method with symmetry-constrained
variational principle for degenerate excited states},
author={Hipes, P. G.},
journal={Phys. Rev. B},
volume={83},
issue={19},
pages={195118},
numpages={12},
year={2011},
month={May},
publisher={American Physical Society},
doi={10.1103/PhysRevB.83.195118},
url={https://link.aps.org/doi/10.1103/PhysRevB.83.195118}
}

@article{yu2015,
author={Yu, J. and Wagner, L. K. and Ertekin, E.},
title={Towards a systematic assessment of errors in diffusion Monte Carlo
calculations of semiconductors: Case study of zinc selenide and zinc oxide},
journal={J. Chem. Phys.},
volume={143},
number={22},
pages={224707},
year={2015},
doi={10.1063/1.4937421},
url={https://doi.org/10.1063/1.4937421}
}

@article{tiago2008,
author={Tiago, M. L. and Kent, P. R. C. and Hood, R. Q. and Reboredo, F. A.},
title={Neutral and charged excitations in carbon fullerenes from
first-principles many-body theories},
journal={J. Chem. Phys.},
volume={129},
number={8},
pages={084311},
year={2008},
doi={10.1063/1.2973627},
url={https://doi.org/10.1063/1.2973627}
}

@article{schautz_2004,
author={Schautz, F. and Filippi, C.},
title={Optimized Jastrow--Slater wave functions for ground and excited states:
Application to the lowest states of ethene},
journal={J. Chem. Phys.},
volume={120},
number={23},
pages={10931-10941},
year={2004},
doi={10.1063/1.1752881},
url={https://doi.org/10.1063/1.1752881}
}

@article{grossman_2001,
title={{High Accuracy Many-Body Calculational Approaches for Excitations in
Molecules}},
author={Grossman, J. C. and Rohlfing, M. and Mitas, L. and Louie, S. G.
and Cohen, M. L.},
journal={Phys. Rev. Lett.},
volume={86},
issue={3},
pages={472--475},
numpages={0},
year={2001},
month={Jan},
publisher={American Physical Society},
doi={10.1103/PhysRevLett.86.472},
url={https://link.aps.org/doi/10.1103/PhysRevLett.86.472}
}
@article{bande_2006,
author={Bande, A. and L{\"{u}}chow, A. and Della Sala, F. and
G{\"{o}}rling, A.},
title={{Rydberg states with quantum Monte Carlo}},
journal={J. Chem. Phys.},
volume={124},
number={11},
pages={114114},
year={2006},
doi={10.1063/1.2180773},
url={https://doi.org/10.1063/1.2180773}
}

@article{porter2001,
title={{Electronic excited-state wave functions for quantum Monte Carlo:
Application to silane and methane}},
author={Porter, A. R. and Al-Mushadani, O. K. and Towler, M. D. and
Needs, R. J.},
journal={J. Chem. Phys.},
volume={114},
number={18},
pages={7795-7804},
year={2001},
doi={10.1063/1.1342765},
url={https://doi.org/10.1063/1.1342765}
}

@article{porter_2001_excitons,
title={{Excitons in small hydrogenated Si clusters}},
author={Porter, A. R. and Towler, M. D. and Needs, R. J.},
journal={Phys. Rev. B},
volume={64},
issue={3},
pages={035320},
numpages={5},
year={2001},
month={Jun},
publisher={American Physical Society},
doi={10.1103/PhysRevB.64.035320},
url={https://link.aps.org/doi/10.1103/PhysRevB.64.035320}
}

@article{barnett1991monte,
title={Monte Carlo algorithms for expectation values of coordinate operators},
author={Barnett, R. N. and Reynolds, P. J. and Lester Jr, W. A.},
journal={J. Comp. Phys.},
volume={96},
number={2},
pages={258--276},
year={1991},
publisher={Elsevier},
url={https://doi.org/10.1016/0021-9991(91)90236-E},
doi={10.1016/0021-9991(91)90236-E}
}

@article{williamson2002,
title={Quantum Monte Carlo Calculations of Nanostructure Optical Gaps:
Application to Silicon Quantum Dots},
author={Williamson, A. J. and Grossman, J. C. and Hood, R. Q. and Puzder, A.
and Galli, G.},
journal={Phys. Rev. Lett.},
volume={89},
issue={19},
pages={196803},
numpages={4},
year={2002},
month={Oct},
publisher={American Physical Society},
doi={10.1103/PhysRevLett.89.196803},
url={https://link.aps.org/doi/10.1103/PhysRevLett.89.196803}
}

@article{reynolds1986,
title={Quantum chemistry by quantum Monte Carlo: Beyond ground-state energy
calculations},
author={Reynolds, P. J. and Barnett, R. N. and Hammond, B. L. and Grimes, R. M.
and Lester, W. A.},
journal={Int. J. Quantum Chem.},
volume={29},
number={4},
pages={589--596},
year={1986},
publisher={Wiley Online Library},
doi={10.1002/qua.560290403},
url={https://doi.org/10.1002/qua.560290403}
}

@article{bernu1990,
title={The calculation of excited states with quantum Monte Carlo. II.
Vibrational excited states},
author={Bernu, B. and Ceperley, D. M. and Lester Jr, W. A.},
journal={J. Chem. Phys.},
volume={93},
number={1},
pages={552--561},
year={1990},
publisher={American Institute of Physics},
doi={10.1063/1.459555},
url={https://aip.scitation.org/doi/10.1063/1.459555}
}

@article{grimes1986,
title={Quantum Monte Carlo approach to electronically excited molecules},
author={Grimes, R. M. and Hammond, B. L. and Reynolds, P. J. and
Lester Jr, W. A.},
journal={J. Chem. Phys.},
volume={85},
number={8},
pages={4749--4750},
year={1986},
publisher={American Institute of Physics},
doi={10.1063/1.451754},
url={https://aip.scitation.org/doi/abs/10.1063/1.451754}
}

@article{aspuru2004,
title={Quantum Monte Carlo for electronic excitations of free-base porphyrin},
author={Aspuru-Guzik, A. and El Akramine, O. and Grossman, J. C. and
Lester Jr, W. A.},
journal={J. Chem. Phys.},
volume={120},
number={7},
pages={3049--3050},
year={2004},
publisher={American Institute of Physics},
doi={10.1063/1.1646356},
url={https://aip.scitation.org/doi/abs/10.1063/1.1646356}
}

@article{barnett1992monte,
title={Monte Carlo determination of the oscillator strength and excited state
lifetime for the Li2$^{2}$S $\rightarrow$ 2$^{2}$P transition},
author={Barnett, R. N. and Reynolds, P. J. and Lester, W. A.},
journal={Int. J. Quantum Chem.},
volume={42},
number={4},
pages={837--847},
year={1992},
publisher={Wiley Online Library},
doi={10.1002/qua.560420421},
url={https://onlinelibrary.wiley.com/doi/pdf/10.1002/qua.560420421}
}

@article{williamson2001,
title={Linear-Scaling Quantum Monte Carlo Calculations},
author={Williamson, A. J. and Hood, Randolph Q. and Grossman, J. C.},
journal={Phys. Rev. Lett.},
volume={87},
issue={24},
pages={246406},
numpages={4},
year={2001},
month={Nov},
publisher={American Physical Society},
doi={10.1103/PhysRevLett.87.246406},
url={https://link.aps.org/doi/10.1103/PhysRevLett.87.246406}
}

@article{alfe2004linear,
title={Linear-scaling quantum Monte Carlo technique with non-orthogonal
localized orbitals},
author={Alf{\`e}, D. and Gillan, M. J.},
journal={J. Phys. Condens. Matter},
volume={16},
number={25},
pages={L305},
year={2004},
publisher={IOP Publishing},
doi={10.1088/0953-8984/16/25/L01},
url={https://doi.org/10.1088/0953-8984/16/25/L01}
}

@article{blunt2015excited,
title={{An excited-state approach within full configuration interaction quantum
Monte Carlo}},
author={Blunt, N. S. and Smart, S. D. and Booth, G. H. and Alavi, A.},
journal={J. Chem. Phys.},
volume={143},
number={13},
pages={134117},
year={2015},
publisher={American Institute of Physics},
doi={10.1063/1.4932595},
url={https://doi.org/10.1063/1.4932595}
}

@article{booth2012communication,
author={Booth, G. H. and Chan, G. K.-L.},
title={{Communication: Excited states, dynamic correlation functions and
spectral properties from full configuration interaction quantum Monte Carlo}},
journal={J. Chem. Phys.},
volume={137},
number={19},
pages={191102},
year={2012},
publisher={American Institute of Physics},
doi={10.1063/1.4766327},
url={https://doi.org/10.1063/1.4766327}
}

@article{hbnpaper,
author={Hunt, R. J. and Drummond, N. D. and Z\'{o}lyomi, V. and
Fal'ko, V. I.},
journal={Manuscript in preparation},
title={{Diffusion quantum Monte Carlo and $GW$ study of the electronic
properties of single-layer and bulk hexagonal boron nitride}},
year={2018},
}

@article{drummond2004jastrow,
title={Jastrow correlation factor for atoms, molecules, and solids},
author={Drummond, N. D. and Towler, M. D. and Needs, R. J.},
journal={Phys. Rev. B},
volume={70},
number={23},
pages={235119},
year={2004},
publisher={American Physical Society},
doi={10.1103/PhysRevB.70.235119},
url={http://link.aps.org/doi/10.1103/PhysRevB.70.235119}
}

@article{needs2009continuum,
title={Continuum variational and diffusion quantum Monte Carlo calculations},
author={Needs, R. J. and Towler, M. D. and Drummond, N. D. and
{L\'{o}pez R{\'\i}os}, P.},
journal={J. Phys. Condens. Matter},
volume={22},
number={2},
pages={023201},
year={2009},
publisher={IOP Publishing},
doi={10.1088/0953-8984/22/2/023201},
url={http://stacks.iop.org/0953-8984/22/i=2/a=023201}
}

@article{kato1957eigenfunctions,
title={On the eigenfunctions of many-particle systems in quantum mechanics},
author={Kato, T.},
journal={Commun.\ Pure Appl.\ Math.},
volume={10},
number={2},
pages={151--177},
year={1957},
publisher={Wiley Online Library},
doi={10.1002/cpa.3160100201},
url={http://dx.doi.org/10.1002/cpa.3160100201},
}

@article{drummond2005var,
title={Variance-minimization scheme for optimizing Jastrow factors},
author={Drummond, N. D. and Needs, R. J.},
journal={Phys. Rev. B},
volume={72},
issue={8},
pages={085124},
numpages={13},
year={2005},
month={Aug},
publisher={American Physical Society},
doi={10.1103/PhysRevB.72.085124},
url={http://link.aps.org/doi/10.1103/PhysRevB.72.085124}
}

@article{umrigar1988opt,
title={Optimized trial wave functions for quantum Monte Carlo calculations},
author={Umrigar, C. J. and Wilson, K. G. and Wilkins, J. W.},
journal={Phys. Rev. Lett.},
volume={60},
issue={17},
pages={1719--1722},
year={1988},
month={Apr},
publisher={American Physical Society},
doi={10.1103/PhysRevLett.60.1719},
url={http://link.aps.org/doi/10.1103/PhysRevLett.60.1719}
}

@article{toulouse2007opt,
author={Toulouse, J. and Umrigar, C. J.},
title={Optimization of quantum Monte Carlo wave functions by energy
minimization},
journal={J. Chem. Phys.},
volume={126},
number={8},
pages={084102},
year={2007},
publisher={American Institute of Physics},
doi={10.1063/1.2437215},
url={http://dx.doi.org/10.1063/1.2437215}
}

@article{drummond2008finite,
author={Drummond, N. D. and Needs, R. J. and Sorouri, A. and
Foulkes, W. M. C.},
title={Finite-size errors in continuum quantum Monte Carlo calculations},
journal={Phys. Rev. B},
volume={78},
number={12},
pages={125106},
year={2008},
publisher={American Physical Society},
doi={10.1103/PhysRevB.78.125106},
url={http://link.aps.org/doi/10.1103/PhysRevB.78.125106}
}

@article{fraser1996finite,
author={Fraser, L. M. and Foulkes, W. M. C. and Rajagopal, G. and Needs, R. J.
and Kenny, S. D. and Williamson, A. J.},
title={Finite-size effects and Coulomb interactions in quantum Monte Carlo
calculations for homogeneous systems with periodic boundary conditions},
journal={Phys. Rev. B},
volume={53},
number={4},
pages={1814},
year={1996},
publisher={American Physical Society},
doi={10.1103/PhysRevB.53.1814},
url={http://link.aps.org/doi/10.1103/PhysRevB.53.1814}
}

@article{kwon1994,
title={{Quantum Monte Carlo calculation of the Fermi-liquid parameters in the
two-dimensional electron gas}},
author={Kwon, Y. and Ceperley, D. M. and Martin, Richard M.},
journal={Phys. Rev. B},
volume={50},
issue={3},
pages={1684--1694},
numpages={0},
year={1994},
month={Jul},
publisher={American Physical Society},
doi={10.1103/PhysRevB.50.1684},
url={https://link.aps.org/doi/10.1103/PhysRevB.50.1684}
}

@article{drummond2013diff,
title={{Diffusion quantum Monte Carlo calculation of the quasiparticle
effective mass of the two-dimensional homogeneous electron gas}},
author={Drummond, N. D. and Needs, R. J.},
journal={Phys. Rev. B},
volume={87},
issue={4},
pages={045131},
numpages={7},
year={2013},
month={Jan},
publisher={American Physical Society},
doi={10.1103/PhysRevB.87.045131},
url={https://link.aps.org/doi/10.1103/PhysRevB.87.045131}
}

@article{drummond2013,
title={{Quantum Monte Carlo calculation of the Fermi liquid parameters of the
two-dimensional homogeneous electron gas}},
author={Drummond, N. D. and Needs, R. J.},
journal={Phys. Rev. B},
volume={88},
issue={3},
pages={035133},
numpages={9},
year={2013},
month={Jul},
publisher={American Physical Society},
doi={10.1103/PhysRevB.88.035133},
url={https://link.aps.org/doi/10.1103/PhysRevB.88.035133}
}

@article{holzmann2009,
title={Renormalization factor and effective mass of the two-dimensional
electron gas},
author={Holzmann, M. and Bernu, B. and Olevano, V. and Martin, R. M. and
Ceperley, D. M.},
journal={Phys. Rev. B},
volume={79},
issue={4},
pages={041308},
numpages={4},
year={2009},
month={Jan},
publisher={American Physical Society},
doi={10.1103/PhysRevB.79.041308},
url={https://link.aps.org/doi/10.1103/PhysRevB.79.041308}
}

@article{Madelung1918,
author={Madelung, E.},
title={{Das elektrische Feld in Systemen von regelm\"{a}{\ss}ig angeordneten
Punktladungen}},
journal={Phys. Z.},
number={{XIX}},
pages={524-533},
year={1918}
}

@article{Trail2005a,
author={Trail, J. R. and Needs, R. J.},
title={{Smooth relativistic Hartree-Fock pseudopotentials for H to Ba and Lu
to Hg}},
journal={J. Chem. Phys.},
number={17},
pages={174109},
pmid={15910025},
volume={122},
year={2005},
doi={10.1063/1.1888569},
url={http://dx.doi.org/10.1063/1.1888569}
}

@article{Trail2005,
author={Trail, J. R. and Needs, R. J.},
title={{Norm-conserving Hartree-Fock pseudopotentials and their asymptotic
behavior}},
journal={J. Chem. Phys.},
number={1},
pages={014112},
volume={122},
year={2005},
doi={10.1063/1.1829049},
url={http://dx.doi.org/10.1063/1.1829049}
}

@article{Drummond2016,
title={Trail-Needs pseudopotentials in quantum Monte Carlo calculations with
plane-wave/blip basis sets},
author={Drummond, N. D. and Trail, J. R. and Needs, R. J.},
journal={Phys. Rev. B},
volume={94},
issue={16},
pages={165170},
numpages={9},
year={2016},
month={Oct},
publisher={American Physical Society},
doi={10.1103/PhysRevB.94.165170},
url={http://link.aps.org/doi/10.1103/PhysRevB.94.165170}
}

@article{Alfe2004,
author={Alf\`e, D. and Gillan, M. J.},
title={Efficient localized basis set for quantum Monte Carlo calculations on
condensed matter},
journal={Phys. Rev. B},
volume={70},
issue={16},
pages={161101},
numpages={4},
year={2004},
month={Oct},
publisher={American Physical Society},
doi={10.1103/PhysRevB.70.161101},
url={http://link.aps.org/doi/10.1103/PhysRevB.70.161101}
}

@article{Foulkes1999,
author={Foulkes, W. M. C and Hood, R. Q. and Needs, R. J.},
title={{Symmetry constraints and variational principles in diffusion quantum
Monte Carlo calculations of excited-state energies}},
journal={Phys. Rev. B},
number={7},
pages={4558},
volume={60},
year={1999},
doi={10.1103/PhysRevB.60.4558},
url={http://link.aps.org/doi/10.1103/PhysRevB.60.4558}
}

@article{ceperley1986quantum,
title={Quantum Monte Carlo},
author={Ceperley, D. M. and Alder, B. J.},
journal={Science},
volume={231},
number={4738},
pages={555--560},
year={1986},
doi={10.1126/science.231.4738.555},
url={http://science.sciencemag.org/content/231/4738/555}
}

@article{Rasch2012,
author={Rasch, K. M. and Mitas, L.},
title={{Impact of electron density on the fixed-node errors in Quantum Monte
Carlo of atomic systems}},
journal={Chem. Phys. Lett.},
pages={59--62},
publisher={Elsevier B.V.},
volume={528},
year={2012},
doi={10.1016/j.cplett.2012.01.016},
url={http://www.sciencedirect.com/science/article/pii/S0009261412000462}
}

@article{Rasch2014,
author={Rasch, K. M. and Hu, S. and Mitas, L.},
title={{Communication: Fixed-node errors in quantum Monte Carlo: Interplay of
electron density and node nonlinearities}},
journal={J. Chem. Phys.},
number={4},
pages={041102},
volume={140},
year={2014},
doi={10.1063/1.4862496},
url={http://dx.doi.org/10.1063/1.4862496},
}

@article{Kent1998,
author={Kent, P. R. C. and Hood, R. Q. and Towler, M. D. and Needs, R. J. and
Rajagopal, G.},
title={{Quantum Monte Carlo calculations of the one-body density matrix and
excitation energies of silicon}},
journal={Phys. Rev. B},
number={24},
pages={15293},
volume={57},
year={1998},
doi={10.1103/PhysRevB.57.15293},
url={http://link.aps.org/doi/10.1103/PhysRevB.57.15293}
}

@article{Towler2000,
author={Towler, M. D. and Hood, R. Q. and Needs, R. J.},
journal={Phys. Rev. B},
number={4},
pages={2330},
title={{Minimum principles and level splitting in quantum Monte Carlo
excitation energies: Application to diamond}},
volume={62},
year={2000},
doi={10.1103/PhysRevB.62.2330},
url={http://link.aps.org/doi/10.1103/PhysRevB.62.2330}
}

@article{mitas1994quantum,
title={Quantum Monte Carlo of nitrogen: atom, dimer, atomic, and molecular
solids},
author={Mit{\'a}{\v{s}}, L. and Martin, R. M.},
journal={Phys. Rev. Lett.},
volume={72},
number={15},
pages={2438},
year={1994},
publisher={American Physical Society},
doi={10.1103/PhysRevLett.72.2438},
url={https://link.aps.org/doi/10.1103/PhysRevLett.72.2438}
}

@incollection{mitasbook,
author={Mit{\'a}{\v{s}}, L.},
title={Quantum Monte Carlo for Electronic Structure of Solids},
editor={Kaplan, T. A. and Mahanti, S. D.},
booktitle={Electronic Properties of Solids Using Cluster Methods},
publisher={Plenum},
address={New York},
year=1995,
pages={155},
chapter=9
}

@article{lee2004quantum,
author={{Lee}, J.-W. and Mit{\'a}{\v{s}}, L. and {Wagner}, L.~K.},
title={{Quantum Monte Carlo study of MnO solid}},
journal={arXiv:0411247},
keywords={Strongly Correlated Electrons, Materials Science},
year=2004,
month=nov,
adsurl={http://adsabs.harvard.edu/abs/2004cond.mat.11247L},
url={https://arxiv.org/abs/cond-mat/0411247},
adsnote={Provided by the SAO/NASA Astrophysics Data System}
}

@article{drummond2005electron,
title={{Electron emission from diamondoids: a diffusion quantum Monte Carlo
study}},
author={Drummond, N. D. and Williamson, A. J. and Needs, R. J. and Galli, G.},
journal={Phys. Rev. Lett.},
volume={95},
number={9},
pages={096801},
year={2005},
publisher={American Physical Society},
doi={10.1103/PhysRevLett.95.096801},
url={https://link.aps.org/doi/10.1103/PhysRevLett.95.096801}
}

@article{azadi2017,
title={Nature of the metallization transition in solid hydrogen},
author={Azadi, S. and Drummond, N. D. and Foulkes, W. M. C.},
journal={Phys. Rev. B},
volume={95},
issue={3},
pages={035142},
numpages={11},
year={2017},
month={Jan},
publisher={American Physical Society},
doi={10.1103/PhysRevB.95.035142},
url={https://link.aps.org/doi/10.1103/PhysRevB.95.035142}
}


@article{ertekin2013,
title={Point-defect optical transitions and thermal ionization energies from
quantum Monte Carlo methods: Application to the $F$-center defect in MgO},
author={Ertekin, E. and Wagner, L. K. and Grossman, J. C.},
journal={Phys. Rev. B},
volume={87},
issue={15},
pages={155210},
numpages={7},
year={2013},
month={Apr},
publisher={American Physical Society},
doi={10.1103/PhysRevB.87.155210},
url={https://link.aps.org/doi/10.1103/PhysRevB.87.155210}
}

@article{Williamson1998,
author={Williamson, A. J. and Hood, R. Q. and Needs, R. J. and Rajagopal, G.},
title={{Diffusion quantum Monte Carlo calculations of the excited states of
silicon}},
journal={Phys. Rev. B},
number={19},
pages={12140},
volume={57},
year={1998},
doi={10.1103/PhysRevB.57.12140},
url={http://link.aps.org/doi/10.1103/PhysRevB.57.12140}
}


@article{Lee2011,
title={Strategies for improving the efficiency of quantum Monte Carlo
calculations},
author={Lee, R. M. and Conduit, G. J. and Nemec, N. and
L\'{o}pez R\'{\i}os, P. and Drummond, N. D.},
journal={Phys. Rev. E},
volume={83},
issue={6},
pages={066706},
numpages={11},
year={2011},
month={Jun},
publisher={American Physical Society},
doi={10.1103/PhysRevE.83.066706},
url={https://link.aps.org/doi/10.1103/PhysRevE.83.066706}
}

@article{Casula2006,
author={Casula, M.},
title={{Beyond the locality approximation in the standard diffusion Monte
Carlo method}},
journal={Phys. Rev. B},
number={16},
pages={161102},
volume={74},
year={2006},
doi={10.1103/PhysRevB.74.161102},
url={http://link.aps.org/doi/10.1103/PhysRevB.74.161102}
}

@article{Rajagopal1995,
author={Rajagopal, G. and Needs, R. J. and James, A. and Kenny, S. D. and
Foulkes, W. M. C.},
title={{Variational and diffusion quantum Monte Carlo calculations at nonzero
wave vectors: Theory and application to diamond-structure germanium}},
journal={Phys. Rev. B},
number={16},
pages={10591--10600},
volume={51},
year={1995},
doi={10.1103/PhysRevB.51.10591},
url={http://link.aps.org/doi/10.1103/PhysRevB.51.10591}
}

@article{lin2001twist,
title={Twist-averaged boundary conditions in continuum quantum Monte Carlo
algorithms},
author={Lin, C. and Zong, F. H. and Ceperley, D. M.},
journal={Phys. Rev. E},
volume={64},
number={1},
pages={016702},
year={2001},
publisher={American Physical Society},
doi={10.1103/PhysRevE.64.016702},
url={http://link.aps.org/doi/10.1103/PhysRevE.64.016702}
}

@article{lopezrios2006inhomogeneous,
author={{L\'opez R\'{\i}os}, P. and Ma, A. and Drummond, N. D. and
Towler, M. D. and Needs, R. J.},
title={Inhomogeneous backflow transformations in quantum Monte Carlo
calculations},
journal={Phys. Rev. E},
volume={74},
pages={066701},
year={2006},
month={Dec},
publisher={American Physical Society},
doi={10.1103/PhysRevE.74.066701},
url={http://link.aps.org/doi/10.1103/PhysRevE.74.066701}
}

@article{kwon1998effects,
title={{Effects of backflow correlation in the three-dimensional electron gas:
Quantum Monte Carlo study}},
author={Kwon, Y. and Ceperley, D. M. and Martin, R. M.},
journal={Phys. Rev. B},
volume={58},
number={11},
pages={6800},
year={1998},
publisher={American Physical Society},
doi={10.1103/PhysRevB.58.6800},
url={https://link.aps.org/doi/10.1103/PhysRevB.58.6800}
}

@article{drummond2006quantum,
author={Drummond, N. D. and {L{\'o}pez R{\'\i}os}, P. and Ma, A. and
Trail, J. R. and Spink, G. G. and Towler, M. D. and Needs, R. J.},
title={Quantum Monte Carlo study of the Ne atom and the Ne+ ion},
journal={J. Chem. Phys.},
volume={124},
number={22},
pages={224104},
year={2006},
publisher={American Institute of Physics},
doi={10.1063/1.2204600},
url={http://dx.doi.org/10.1063/1.2204600}
}

@article{mostaani2016,
author={Mostaani, E. and Monserrat, B. and Drummond, N. D. and Lambert, C. J.},
title={Quasiparticle and excitonic gaps of one-dimensional carbon chains},
journal={Phys. Chem. Chem. Phys.},
year={2016},
volume={18},
issue={22},
pages={14810-14821},
publisher={The Royal Society of Chemistry},
doi={10.1039/C5CP07891A},
url={http://dx.doi.org/10.1039/C5CP07891A}
}




@article{baroni2001,
title={Phonons and related crystal properties from density-functional
perturbation theory},
author={Baroni, S. and De Gironcoli, S. and Dal Corso, A. and Giannozzi, P.},
journal={Rev. Mod. Phys.},
volume={73},
number={2},
pages={515},
year={2001},
publisher={American Physical Society},
doi={10.1103/RevModPhys.73.515},
url={https://link.aps.org/doi/10.1103/RevModPhys.73.515}
}

@article{lloydwilliams2015,
title={Lattice dynamics and electron-phonon coupling calculations using
nondiagonal supercells},
author={Lloyd-Williams, J. H. and Monserrat, B.},
journal={Phys. Rev. B},
volume={92},
issue={18},
pages={184301},
numpages={9},
year={2015},
month={Nov},
publisher={American Physical Society},
doi={10.1103/PhysRevB.92.184301},
url={https://link.aps.org/doi/10.1103/PhysRevB.92.184301}
}


@article{murphy2013,
title={Anisotropic charge screening and supercell size convergence of defect
formation energies},
author={Murphy, Samuel T. and Hine, Nicholas D. M.},
journal={Phys. Rev. B},
volume={87},
issue={9},
pages={094111},
numpages={6},
year={2013},
month={Mar},
publisher={American Physical Society},
doi={10.1103/PhysRevB.87.094111},
url={https://link.aps.org/doi/10.1103/PhysRevB.87.094111}
}

@article{Clark2005,
author={Clark, S. J. and Segall, M. D. and Pickard, C. J. and
Hasnip, P. J. and Probert, M. I. J. and Refson, K. and Payne, M. C.},
title={{First principles methods using CASTEP}},
journal={Z. Kristallogr. Cryst. Mater.},
number={5/6},
pages={567--570},
volume={220},
year={2005},
doi={10.1524/zkri.220.5.567.65075},
url={https://doi.org/10.1524/zkri.220.5.567.65075}
}

@article{vanderbilt1990soft,
title={Soft self-consistent pseudopotentials in a generalized eigenvalue
formalism},
author={Vanderbilt, D.},
journal={Phys. Rev. B},
volume={41},
number={11},
pages={7892},
year={1990},
publisher={American Physical Society},
doi={10.1103/PhysRevB.41.7892},
url={http://link.aps.org/doi/10.1103/PhysRevB.41.7892}
}

@article{Heyd2003,
author={Heyd, J. and Scuseria, G. E. and Ernzerhof, M.},
title={{Hybrid functionals based on a screened Coulomb potential}},
journal={J. Chem. Phys.},
number={18},
pages={8207--8215},
volume={118},
year={2003},
doi={10.1063/1.1564060},
url={http://dx.doi.org/10.1063/1.1564060},
}

@article{heyd2005energy,
author={Heyd, J. and Peralta, J. E. and Scuseria, G. E. and Martin, R. L.},
title={Energy band gaps and lattice parameters evaluated with the
Heyd-Scuseria-Ernzerhof screened hybrid functional},
journal={J. Chem. Phys.},
volume={123},
number={17},
pages={174101},
year={2005},
publisher={American Institute of Physics},
doi={10.1063/1.2085170},
url={http://dx.doi.org/10.1063/1.2085170},
}

@article{muscat2001prediction,
author={Muscat, J. and Wander, A. and Harrison, N. M.},
title={On the prediction of band gaps from hybrid functional theory},
journal={Chem. Phys. Lett.},
volume={342},
number={3},
pages={397--401},
year={2001},
publisher={Elsevier},
doi={10.1016/S0009-2614(01)00616-9},
url={http://www.sciencedirect.com/science/article/pii/S0009261401006169},
}

@article{Paier2006,
author={Paier, J. and Marsman, M. and Hummer, K. and Kresse, G. and
Gerber, I. C. and \'{A}ngy\'{a}n, J. G.},
title={Screened hybrid density functionals applied to solids},
journal={J. Chem. Phys.},
volume={124},
number={15},
pages={154709},
year={2006},
doi={10.1063/1.2187006},
url={ http://dx.doi.org/10.1063/1.2187006}
}

@article{refaely2011,
title={Fundamental and excitation gaps in molecules of relevance for organic
photovoltaics from an optimally tuned range-separated hybrid functional},
author={Refaely-Abramson, S. and Baer, R. and Kronik, L.},
journal={Phys. Rev. B},
volume={84},
issue={7},
pages={075144},
numpages={8},
year={2011},
month={Aug},
publisher={American Physical Society},
doi={10.1103/PhysRevB.84.075144},
url={http://link.aps.org/doi/10.1103/PhysRevB.84.075144}
}

@article{Malloci2011,
title={Electronic and optical properties of families of polycyclic aromatic
hydrocarbons: A systematic (time-dependent) density functional theory study},
author={Malloci, G. and Cappellini, G. and Mulas, G. and Mattoni, A.},
journal={Chem. Phys.},
volume={384},
number={1-3},
pages={19--27},
year={2011},
issn={0301-0104},
doi={http://dx.doi.org/10.1016/j.chemphys.2011.04.013},
url={http://www.sciencedirect.com/science/article/pii/S0301010411001327}
}

@article{clark2010,
title={Screened exchange density functional applied to solids},
author={Clark, S. J. and Robertson, J.},
journal={Phys. Rev. B},
volume={82},
issue={8},
pages={085208},
numpages={11},
year={2010},
month={Aug},
publisher={American Physical Society},
doi={10.1103/PhysRevB.82.085208},
url={http://link.aps.org/doi/10.1103/PhysRevB.82.085208}
}

@article{Perdew1996,
author={Perdew, J. P. and Burke, K. and Ernzerhof, M.},
title={{Generalized Gradient Approximation Made Simple}},
journal={Phys. Rev. Lett.},
number={18},
pages={3865--3868},
volume={77},
year={1996},
doi={10.1103/PhysRevLett.77.3865},
url={http://link.aps.org/doi/10.1103/PhysRevLett.77.3865}
}

@article{becke1993density,
author={Becke, A. D.},
title={Density-functional thermochemistry. III. The role of exact exchange},
journal={J. Chem. Phys.},
volume={98},
number={7},
pages={5648--5652},
year={1993},
publisher={American Institute of Physics},
doi={10.1063/1.464913},
url={http://dx.doi.org/10.1063/1.464913}
}

@article{lee1988development,
author={Lee, C. and Yang, W. and Parr, R. G.},
title={Development of the Colle-Salvetti correlation-energy formula into a
functional of the electron density},
journal={Phys. Rev. B},
volume={37},
pages={785--789},
year={1988},
month={Jan},
publisher={American Physical Society},
doi={10.1103/PhysRevB.37.785},
url={http://link.aps.org/doi/10.1103/PhysRevB.37.785}
}

@article{perdew1985density,
author={Perdew, J. P.},
title={Density functional theory and the band gap problem},
journal={Int. J. Quantum Chem.},
volume={28},
number={S19},
pages={497--523},
year={1985},
publisher={Wiley Online Library},
doi={10.1002/qua.560280846},
url={http://dx.doi.org/10.1002/qua.560280846}
}

@article{seidl1996generalized,
author={Seidl, A. and G{\"o}rling, A. and Vogl, P. and Majewski, J. A. and
Levy, M.},
title={Generalized Kohn-Sham schemes and the band-gap problem},
journal={Phys. Rev. B},
volume={53},
number={7},
pages={3764},
year={1996},
publisher={American Physical Society},
doi={10.1103/PhysRevB.53.3764},
url={http://link.aps.org/doi/10.1103/PhysRevB.53.3764}
}

@article{perdew2009some,
author={Perdew, J. P. and Ruzsinszky, A. and Constantin, L. A. and Sun, J. and
Csonka, G. I.},
title={Some fundamental issues in ground-state density functional theory: a
guide for the perplexed},
journal={J. Chem. Theory Comput.},
volume={5},
number={4},
pages={902--908},
year={2009},
publisher={ACS Publications},
doi={10.1021/ct800531s},
url={http://dx.doi.org/10.1021/ct800531s}
}

@article{xu1991,
title={Calculation of ground-state and optical properties of boron nitrides
in the hexagonal, cubic, and wurtzite structures},
author={Xu, Y.-N. and Ching, W. Y.},
journal={Phys. Rev. B},
volume={44},
issue={15},
pages={7787--7798},
numpages={0},
year={1991},
month={Oct},
publisher={American Physical Society},
doi={10.1103/PhysRevB.44.7787},
url={http://link.aps.org/doi/10.1103/PhysRevB.44.7787}
}

@article{rodriguez1995,
title={Electronic and structural properties of cubic BN and BP},
author={Rodr\'{\i}guez-Hern\'andez, P. and Gonz\'alez-Diaz, M. and
Mu\~noz, A.},
journal={Phys. Rev. B},
volume={51},
issue={20},
pages={14705--14708},
numpages={0},
year={1995},
month={May},
publisher={American Physical Society},
doi={10.1103/PhysRevB.51.14705},
url={http://link.aps.org/doi/10.1103/PhysRevB.51.14705}
}


@Article{Becker1982,
author={Becker, P. and Scyfried, P. and Siegert, H.},
title={The lattice parameter of highly pure silicon single crystals},
journal={Z. Phys. B},
year={1982},
volume={48},
number={1},
pages={17--21},
issn={1431-584X},
doi={10.1007/BF02026423},
url={http://dx.doi.org/10.1007/BF02026423}
}

@book{edgar1994properties,
title={Properties of group III nitrides},
author={Edgar, J. H. and INSPEC (Information service)},
isbn={9780852968185},
lccn={gb95002185},
series={EMIS Data Reviews Series},
year={1994},
publisher={INSPEC, Institution of Electrical Engineers}
}

@article{Cappellini2001,
title={Optical properties of BN in cubic and layered hexagonal phases},
author={Cappellini, G. and Satta, G. and Palummo, M. and Onida, G.},
journal={Phys. Rev. B},
volume={64},
issue={3},
pages={035104},
numpages={11},
year={2001},
month={Jun},
publisher={American Physical Society},
doi={10.1103/PhysRevB.64.035104},
url={http://link.aps.org/doi/10.1103/PhysRevB.64.035104}
}



@article{Hedin1965,
author={Hedin, L.},
title={{New method for calculating the one-particle Green's function with
application to the electron-gas problem}},
journal={Phys. Rev.},
number={3A},
pages={A796},
volume={139},
year={1965},
doi={10.1103/PhysRev.139.A796},
url={http://link.aps.org/doi/10.1103/PhysRev.139.A796}
}

@incollection{Hedin1970,
author={Hedin, L. and Lundqvist, S.},
title={Effects of Electron-Electron and Electron-Phonon Interactions on the
One-Electron States of Solids},
editor={Seitz, F. and Turnbull, D. and Ehrenreich, H.},
publisher={Academic Press},
year={1970},
volume={23},
pages={1--181},
series={Solid State Physics},
issn={0081-1947},
doi={10.1016/S0081-1947(08)60615-3},
url={http://www.sciencedirect.com/science/article/pii/S0081194708606153}
}

@article{Hybertsen1985,
author={Hybertsen, M. S. and Louie, S. G.},
title={{First-Principles Theory of Quasiparticles: Calculation of Band Gaps
in Semiconductors and Insulators}},
journal={Phys. Rev. Lett.},
number={13},
pages={1418},
volume={55},
year={1985},
doi={10.1103/PhysRevLett.55.1418},
url={http://link.aps.org/doi/10.1103/PhysRevLett.55.1418}
}

@article{Godby1988,
author={Godby, R. W. and Schl{\"{u}}ter, M. and Sham, L. J.},
title={{Self-energy operators and exchange-correlation potentials in
semiconductors}},
journal={Phys. Rev. B},
number={17},
pages={10159},
volume={37},
year={1988},
doi={10.1103/PhysRevB.37.10159},
url={http://link.aps.org/doi/10.1103/PhysRevB.37.10159}
}

@article{Godby1986,
author={Godby, R. W. and Schl{\"{u}}ter, M. and Sham, L. J.},
title={{Accurate Exchange-Correlation Potential for Silicon and Its
Discontinuity on Addition of an Electron}},
journal={Phys. Rev. Lett.},
number={22},
pages={2415},
volume={56},
year={1986},
doi={10.1103/PhysRevLett.56.2415},
url={http://link.aps.org/doi/10.1103/PhysRevLett.56.2415}
}

@article{VanSchilfgaarde2006,
author={van Schilfgaarde, M. and Kotani, T. and Faleev, S.},
title={{Quasiparticle Self-Consistent GW Theory}},
journal={Phys. Rev. Lett.},
number={22},
pages={226402},
volume={96},
year={2006},
doi={10.1103/PhysRevLett.96.226402},
url={http://link.aps.org/doi/10.1103/PhysRevLett.96.226402}
}

@article{Zhu1991,
author={Zhu, X. and Louie, S. G.},
title={{Quasiparticle band structure of thirteen semiconductors and
insulators}},
journal={Phys. Rev. B},
number={17},
pages={14142},
volume={43},
year={1991},
doi={10.1103/PhysRevB.43.14142},
url={http://link.aps.org/doi/10.1103/PhysRevB.43.14142}
}

@article{Hybertsen1986,
author={Hybertsen, M. S. and Louie, S. G.},
title={Electron correlation in semiconductors and insulators: Band gaps and
quasiparticle energies},
journal={Phys. Rev. B},
volume={34},
issue={8},
pages={5390--5413},
year={1986},
month={Oct},
publisher={American Physical Society},
doi={10.1103/PhysRevB.34.5390},
url={http://link.aps.org/doi/10.1103/PhysRevB.34.5390}
}

@article{Blase2011,
author={Blase, X. and Attaccalite, C. and Olevano, V.},
title={{First-principles GW calculations for fullerenes, porphyrins,
phtalocyanine, and other molecules of interest for organic photovoltaic
applications}},
journal={Phys. Rev. B},
number={11},
pages={115103},
volume={83},
year={2011},
doi={10.1103/PhysRevB.83.115103},
url={http://link.aps.org/doi/10.1103/PhysRevB.83.115103}
}

@article{caruso2013self,
title={{Self-consistent $GW$: All-electron implementation with localized basis
functions}},
author={Caruso, F. and Rinke, P. and Ren, X. and Rubio, A. and Scheffler, M.},
journal={Phys. Rev. B},
volume={88},
number={7},
pages={075105},
year={2013},
publisher={American Physical Society},
doi={10.1103/PhysRevB.88.075105},
url={https://link.aps.org/doi/10.1103/PhysRevB.88.075105}
}

@article{hung2016excitation,
title={{Excitation spectra of aromatic molecules within a real-space $GW$-BSE
formalism: Role of self-consistency and vertex corrections}},
author={Hung, L. and Felipe, H. and Souto-Casares, J. and Chelikowsky, J. R.
and Louie, S. G. and {\"O}{\u{g}}{\"u}t, S.},
journal={Phys. Rev. B},
volume={94},
number={8},
pages={085125},
year={2016},
publisher={American Physical Society},
doi={10.1103/PhysRevB.94.085125},
url={https://link.aps.org/doi/10.1103/PhysRevB.94.085125}
}

@article{rademacher1993photoelectron,
title={Photoelectron spectra and electronic structures of some naphtho[1, 2-d]thiazoles},
author={Rademacher, P. and Kowski, K. and M{\"u}ller, A. and Bohlmann, G.},
journal={J. Mol. Struct.},
volume={296},
number={1-2},
pages={115--125},
year={1993},
publisher={Elsevier},
doi={10.1016/0022-2860(93)80125-F},
url={https://doi.org/10.1016/0022-2860(93)80125-F}
}


@article{eland1969,
title={Photoelectron spectra of conjugated hydrocarbons and heteromolecules},
author={Eland, J. H. D.},
journal={Int. J. Mass Spectrom.},
volume={2},
number={6},
pages={471--484},
year={1969},
publisher={Elsevier},
doi={10.1016/0020-7381(69)80044-6},
url={https://doi.org/10.1016/0020-7381(69)80044-6}
}


@article{Satta2004,
author={Satta, G. and Cappellini, G. and Olevano, V. and Reining, L.},
title={Many-body effects in the electronic spectra of cubic boron nitride},
journal={Phys. Rev. B},
number={19},
pages={195212},
volume={70},
year={2004},
doi={10.1103/PhysRevB.70.195212},
url={http://link.aps.org/doi/10.1103/PhysRevB.70.195212}
}

@article{kresse2012,
title={{Optical and electronic properties of Si${}_{3}$N${}_{4}$ and
$\ensuremath{\alpha}$-SiO${}_{2}$}},
author={Kresse, G. and Marsman, M. and Hintzsche, L. E. and
Flage-Larsen, E.},
journal={Phys. Rev. B},
volume={85},
issue={4},
pages={045205},
numpages={7},
year={2012},
month={Jan},
publisher={American Physical Society},
doi={10.1103/PhysRevB.85.045205},
url={http://link.aps.org/doi/10.1103/PhysRevB.85.045205}
}

@article{chang2000,
title={{Excitons and Optical Properties of
$\mathit{\ensuremath{\alpha}}$-Quartz}},
author={Chang, E. K. and Rohlfing, M. and Louie, S. G.},
journal={Phys. Rev. Lett.},
volume={85},
issue={12},
pages={2613--2616},
numpages={0},
year={2000},
month={Sep},
publisher={American Physical Society},
doi={10.1103/PhysRevLett.85.2613},
url={http://link.aps.org/doi/10.1103/PhysRevLett.85.2613}
}

@article{Rostgaard2010,
author={Rostgaard, C. and Jacobsen, K. W. and Thygesen, K. S.},
title={{Fully self-consistent GW calculations for molecules}},
journal={Phys. Rev. B},
number={8},
pages={085103},
volume={81},
year={2010},
doi={10.1103/PhysRevB.81.085103},
url={http://link.aps.org/doi/10.1103/PhysRevB.81.085103}
}

@article{Koval2014,
title={{Fully self-consistent $GW$ and quasiparticle self-consistent $GW$ for molecules}},
author={Koval, P. and Foerster, D. and S{\'a}nchez-Portal, D.},
journal={Phys. Rev. B},
volume={89},
number={15},
pages={155417},
year={2014},
publisher={American Physical Society},
doi={10.1103/PhysRevB.89.155417},
url={https://link.aps.org/doi/10.1103/PhysRevB.89.155417}
}

@article{Kaplan2016,
title={{Quasi-Particle Self-Consistent $GW$ for Molecules}},
author={Kaplan, F. and Harding, M. E. and Seiler, C. and Weigend, F. and
Evers, F. and van Setten, M. J.},
journal={J. Chem. Theory Comput.},
volume={12},
number={6},
pages={2528--2541},
year={2016},
publisher={ACS Publications},
doi={10.1021/acs.jctc.5b01238},
url={http://pubs.acs.org/doi/abs/10.1021/acs.jctc.5b01238}
}

@article{knight2016accurate,
title={{Accurate ionization potentials and electron affinities of acceptor
molecules III: a benchmark of $GW$ methods}},
author={Knight, J. W. and Wang, X. and Gallandi, L. and Dolgounitcheva, O. and
Ren, X. and Ortiz, J. V. and Rinke, P. and K\"{o}rzd\"{o}rfer, T. and
Marom, N.},
journal={J. Chem. Theory Comput.},
volume={12},
number={2},
pages={615--626},
year={2016},
publisher={ACS Publications},
doi={10.1021/acs.jctc.5b00871},
url={https://pubs.acs.org/doi/abs/10.1021/acs.jctc.5b00871}
}

@article{ren2015beyond,
title={{Beyond the $GW$ approximation: A second-order screened exchange
correction}},
author={Ren, X. and Marom, N. and Caruso, F. and Scheffler, M. and Rinke, P.},
journal={Phys. Rev. B},
volume={92},
number={8},
pages={081104},
year={2015},
publisher={American Physical Society},
doi={10.1103/PhysRevB.92.081104},
url={https://link.aps.org/doi/10.1103/PhysRevB.92.081104}
}


@article{bruneval2012benchmarking,
title={{Benchmarking the starting points of the $GW$ approximation for
molecules}},
author={Bruneval, F. and Marques, M. A. L.},
journal={J. Chem. Theory Comput.},
volume={9},
number={1},
pages={324--329},
year={2012},
publisher={ACS Publications},
doi={10.1021/ct300835h},
url={https://pubs.acs.org/doi/abs/10.1021/ct300835h}
}



@article{bartlett2007,
title={Coupled-cluster theory in quantum chemistry},
author={Bartlett, R. J. and Musia\l{}, M.},
journal={Rev. Mod. Phys.},
volume={79},
issue={1},
pages={291--352},
numpages={0},
year={2007},
month={Feb},
publisher={American Physical Society},
doi={10.1103/RevModPhys.79.291},
url={http://link.aps.org/doi/10.1103/RevModPhys.79.291}
}

@article{bartlett1981,
author={Bartlett, R. J.},
title={Many-Body Perturbation Theory and Coupled Cluster Theory for Electron
Correlation in Molecules},
journal={Annu. Rev. Phys. Chem.},
volume={32},
number={1},
pages={359-401},
year={1981},
doi={10.1146/annurev.pc.32.100181.002043},
url={http://dx.doi.org/10.1146/annurev.pc.32.100181.002043},
}



@article{richard2016,
title={{Accurate Ionization Potentials and Electron Affinities of Acceptor
Molecules I. Reference Data at the CCSD(T) Complete Basis Set Limit}},
author={Richard, R. M. and Marshall, M. S. and Dolgounitcheva, O. and
Ortiz, J. V. and Br\'{e}das, J.-L. and Marom, N. and Sherrill, C. D.},
journal={J. Chem. Theory Comput.},
volume={12},
number={2},
pages={595--604},
year={2016},
publisher={ACS Publications},
doi={10.1021/acs.jctc.5b00875},
url={https://pubs.acs.org/doi/abs/10.1021/acs.jctc.5b00875}
}



@article{CODATA2014,
title={CODATA recommended values of the fundamental physical
constants: 2014},
author={Mohr, P. J. and Newell, D. B. and Taylor, B. N.},
journal={Rev. Mod. Phys.},
volume={88},
issue={3},
pages={035009},
numpages={73},
year={2016},
month={Sep},
publisher={American Physical Society},
doi={10.1103/RevModPhys.88.035009},
url={https://link.aps.org/doi/10.1103/RevModPhys.88.035009}
}

@article{Goncharov2007,
title={Thermal equation of state of cubic boron nitride: Implications for a
high-temperature pressure scale},
author={Goncharov, A. F. and Crowhurst, J. C. and Dewhurst, J. K. and
Sharma, S. and Sanloup, C. and Gregoryanz, E. and Guignot, N. and Mezouar, M.},
journal={Phys. Rev. B},
volume={75},
issue={22},
pages={224114},
numpages={6},
year={2007},
month={Jun},
publisher={American Physical Society},
doi={10.1103/PhysRevB.75.224114},
url={https://link.aps.org/doi/10.1103/PhysRevB.75.224114}
}

@article{Levien1980,
title={Structure and elastic properties of quartz at pressure},
author={Levien, L. and Prewitt, C. T. and Weidner, D. J.},
journal={Am. Mineral.},
volume={65},
number={9-10},
pages={920--930},
year={1980},
publisher={Mineralogical Society of America},
url={https://pubs.geoscienceworld.org/msa/ammin/article-abstract/65/9-10/920/41195}
}

@article{philipp1966,
title={Optical transitions in crystalline and fused quartz},
author={Philipp, H. R.},
journal={Solid State Commun.},
volume={4},
number={1},
pages={73--75},
year={1966},
url={https://doi.org/10.1016/0038-1098(66)90109-8},
publisher={Elsevier}
}

@article{Glab1987,
title={Multiphoton excitation of high singlet np Rydberg states of molecular
hydrogen: Spectroscopy and dynamics},
author={Glab, Wallace L. and Hessler, Jan P.},
journal={Phys. Rev. A},
volume={35},
issue={5},
pages={2102--2110},
numpages={0},
year={1987},
month={Mar},
publisher={American Physical Society},
doi={10.1103/PhysRevA.35.2102},
url={https://link.aps.org/doi/10.1103/PhysRevA.35.2102}
}


@article{fisch_greens_function,
author={Fischerauer, G.},
title={Comments on real-space Green's function of an isolated point-charge in
an unbounded anisotropic medium},
journal={IEEE Trans. Ultras. Ferroelectr. Freq. Control},
year={1997},
volume={44},
number={6},
pages={1179-1180},
doi={10.1109/58.656617},
url={https://doi.org/10.1109/58.656617},
month={Nov}
}

@article{schweitzer2003,
author={Schweitzer, C. and Schmidt, R.},
title={Physical Mechanisms of Generation and Deactivation of Singlet Oxygen},
journal={Chem. Rev.},
volume={103},
number={5},
pages={1685-1758},
year={2003},
doi={10.1021/cr010371d},
url={https://doi.org/10.1021/cr010371d}
}


@article{Fraser1996,
title={{Finite-size effects and Coulomb interactions in quantum Monte Carlo
calculations for homogeneous systems with periodic boundary conditions}},
author={Fraser, L. M. and Foulkes, W. M. C. and Rajagopal, G. and
Needs, R. J. and Kenny, S. D. and Williamson, A. J.},
journal={Phys. Rev. B},
volume={53},
issue={4},
pages={1814--1832},
numpages={0},
year={1996},
month={Jan},
publisher={American Physical Society},
doi={10.1103/PhysRevB.53.1814},
url={https://link.aps.org/doi/10.1103/PhysRevB.53.1814}
}


@article{makov1995,
title={Periodic boundary conditions in ab initio calculations},
author={Makov, G. and Payne, M. C.},
journal={Phys. Rev. B},
volume={51},
issue={7},
pages={4014--4022},
numpages={0},
year={1995},
month={Feb},
publisher={American Physical Society},
doi={10.1103/PhysRevB.51.4014},
url={https://link.aps.org/doi/10.1103/PhysRevB.51.4014}
}

@article{wood2004,
author={Wood, B. and Foulkes, W. M. C. and Towler, M. D. and Drummond, N. D.},
title={Coulomb finite-size effects in quasi-two-dimensional systems},
journal={J. Phys. Condens. Matter},
volume={16},
number={6},
pages={891},
url={http://stacks.iop.org/0953-8984/16/i=6/a=017},
doi={10.1088/0953-8984/16/6/017},
year={2004}
}


@article{irikura2007,
title={Experimental Vibrational Zero-Point Energies: Diatomic Molecules},
author={Irikura, K. K.},
journal={J. Phys. Chem. Ref. Data},
volume={36},
number={2},
pages={389-397},
year={2007},
doi={10.1063/1.2436891},
url={https://doi.org/10.1063/1.2436891}
}


@article{huang1998spin,
title={Spin contamination in quantum Monte Carlo wave functions},
author={Huang, C.-J. and Filippi, C. and Umrigar, C. J.},
journal={J. Chem. Phys.},
volume={108},
number={21},
pages={8838--8847},
year={1998},
publisher={American Institute of Physics},
doi={10.1063/1.476330},
url={https://aip.scitation.org/doi/abs/10.1063/1.476330}
}



@article{engel2016vibrational,
title={Vibrational effects on surface energies and band gaps in hexagonal and
cubic ice},
author={Engel, E. A. and Monserrat, B. and Needs, R. J.},
journal={J. Chem. Phys.},
volume={145},
number={4},
pages={044703},
year={2016},
publisher={American Institute of Physics},
doi={10.1063/1.4959283},
url={https://aip.scitation.org/doi/abs/10.1063/1.4959283}
}

@article{engel2015vibrational,
title={Vibrational renormalisation of the electronic band gap in hexagonal and
cubic ice},
author={Engel, E. A. and Monserrat, B. and Needs, R. J.},
journal={J. Chem. Phys.},
volume={143},
number={24},
pages={244708},
year={2015},
publisher={American Institute of Physics},
doi={10.1063/1.4938029},
url={https://aip.scitation.org/doi/full/10.1063/1.4938029}
}


@article{monserrat2014,
title={Extracting semiconductor band gap zero-point corrections from
experimental data},
author={Monserrat, B. and Conduit, G. J. and Needs, R. J.},
journal={Phys. Rev. B},
volume={90},
issue={18},
pages={184302},
numpages={7},
year={2014},
month={Nov},
publisher={American Physical Society},
doi={10.1103/PhysRevB.90.184302},
url={https://link.aps.org/doi/10.1103/PhysRevB.90.184302}
}


@article{padhye1956lowest,
title={Lowest triplet state of anthracene},
author={Padhye, M. R. and McGlynn, S. P. and Kasha, M.},
journal={J. Chem. Phys.},
volume={24},
number={3},
pages={588--594},
year={1956},
publisher={American Institute of Physics},
doi={10.1063/1.1742551},
url={https://aip.scitation.org/doi/abs/10.1063/1.1742551}
}

@article{biermann1980diels,
title={Diels-Alder reactivity of polycyclic aromatic hydrocarbons. 1. Acenes
and benzologs},
author={Biermann, D. and Schmidt, W.},
journal={J. Am. Chem. Soc.},
volume={102},
number={9},
pages={3163--3173},
year={1980},
publisher={ACS Publications},
doi={10.1021/ja00529a046},
url={https://pubs.acs.org/doi/abs/10.1021/ja00529a046}
}

@article{baba2009structure,
title={Structure and excited-state dynamics of anthracene: Ultrahigh-resolution
spectroscopy and theoretical calculation},
author={Baba, M. and Saitoh, M. and Taguma, K. and Shinohara, K. and
Yoshida, K. and Semba, Y. and Kasahara, S. and Nakayama, N. and Goto, H. and
Ishimoto, T. and Nagashima, U.},
journal={J. Chem. Phys.},
volume={130},
number={13},
pages={134315},
year={2009},
publisher={American Institute of Physics},
doi={10.1063/1.3104811},
url={https://aip.scitation.org/doi/full/10.1063/1.3104811}
}

@article{heterobilayer,
title={Localized interlayer complexes in heterobilayer transition metal dichalcogenides},
author={Danovich, M. and Ruiz-Tijerina, D. A. and Hunt, R. J. and
Szyniszewski, M. and Drummond, N. D. and Fal'ko, V. I.},
journal={Phys. Rev. B},
volume={97},
issue={19},
pages={195452},
numpages={18},
year={2018},
month={May},
publisher={American Physical Society},
doi={10.1103/PhysRevB.97.195452},
url={https://link.aps.org/doi/10.1103/PhysRevB.97.195452}
}


@article{landau1957theory,
title={{The theory of a Fermi liquid}},
author={Landau, L. D.},
journal={JETP},
volume={3},
number={6},
pages={920--925},
year={1957}
}

@article{landau1957oscillations,
title={{Oscillations in a Fermi liquid}},
author={Landau, L. D.},
journal={JETP},
volume={5},
number={1},
pages={101--108},
year={1957}
}

@article{landau1959theory,
title={{On the theory of the Fermi liquid}},
author={Landau, L. D.},
journal={JETP},
volume={8},
number={1},
pages={70},
year={1959}
}

@article{Dovesi1981,
author={Dovesi, R. and Causa, M. and Angonoa, G.},
title={Exact-exchange Hartree-Fock calculations for periodic systems. V.
Ground-state properties of silicon},
journal={Phys. Rev. B},
volume={24},
number={8},
pages={4177},
year={1981},
publisher={American Physical Society},
doi={10.1103/PhysRevB.24.4177},
url={http://link.aps.org/doi/10.1103/PhysRevB.24.4177}
}

@article{curtiss1991gaussian,
title={Gaussian-2 theory for molecular energies of first-and second-row
compounds},
author={Curtiss, L. A. and Raghavachari, K. and Trucks, G. W. and
Pople, J. A.},
journal={J. Chem. Phys.},
volume={94},
number={11},
pages={7221--7230},
year={1991},
publisher={American Institute of Physics},
doi={10.1063/1.460205},
url={https://doi.org/10.1063/1.460205}
}

@article{Ohkoshi1985,
author={Ohkoshi, I.},
title={An ab initio Hartree-Fock pseudopotential approach to the ground-state
properties of Si},
journal={J. Phys. C},
volume={18},
number={28},
pages={5415},
year={1985},
publisher={IOP Publishing},
doi={10.1088/0022-3719/18/28/011},
url={http://stacks.iop.org/0022-3719/18/i=28/a=011}
}

@article{chakravorty1993ground,
title={Ground-state correlation energies for atomic ions with 3 to 18
electrons},
author={Chakravorty, S. J. and Gwaltney, S. R. and Davidson, E. R. and
Parpia, F. A. and Fischer, C. F.},
journal={Phys. Rev. A},
volume={47},
number={5},
pages={3649},
year={1993},
publisher={American Physical Society},
doi={10.1103/PhysRevA.47.3649},
url={http://link.aps.org/doi/10.1103/PhysRevA.47.3649}
}

@article{davidson1991ground,
title={Ground-state correlation energies for two-to ten-electron atomic ions},
author={Davidson, E. R. and Hagstrom, S. A. and Chakravorty, S. J. and
Umar, V. M. and Fischer, C. F.},
journal={Phys. Rev. A},
volume={44},
number={11},
pages={7071},
year={1991},
publisher={American Physical Society},
doi={10.1103/PhysRevA.44.7071},
url={http://link.aps.org/doi/10.1103/PhysRevA.44.7071}
}

@article{green2013,
title={Improved value for the silicon free exciton binding energy},
author={Green, M. A.},
journal={AIP Adv.},
volume={3},
number={11},
pages={112104},
year={2013},
publisher={American Institute of Physics},
doi={10.1063/1.4828730},
url={http://dx.doi.org/10.1063/1.4828730},
}

@article{shaklee1970,
title={Valley-orbit splitting of free excitons? The absorption edge of Si},
author={Shaklee, K. L. and Nahory, R. E.},
journal={Phys. Rev. Lett.},
volume={24},
number={17},
pages={942},
year={1970},
publisher={American Physical Society},
doi={10.1103/PhysRevLett.24.942},
url={http://link.aps.org/doi/10.1103/PhysRevLett.24.942}
}

@article{chrenko1974,
title={Ultraviolet and infrared spectra of cubic boron nitride},
author={Chrenko, R. M.},
journal={Solid State Commun.},
volume={14},
number={6},
pages={511--515},
year={1974},
publisher={Elsevier},
doi={http://dx.doi.org/10.1016/0038-1098(74)90978-8},
url={http://www.sciencedirect.com/science/article/pii/0038109874909788},
}

@article{fomichev1968,
title={Investigation of X-ray spectra of hexagonal and cubic boron nitride},
author={V.A. Fomichev and M.A. Rumsh},
journal={J. Phys. Chem. Solids},
volume={29},
number={6},
pages={1015--1024},
year={1968},
doi={http://dx.doi.org/10.1016/0022-3697(68)90237-0},
url={http://www.sciencedirect.com/science/article/pii/0022369768902370}
}


@article{khuseynov2012,
title={Photoelectron spectroscopy and photochemistry of tetracyanoethylene
radical anion in the gas phase},
author={Khuseynov, D. and Fontana, M. T. and Sanov, A.},
journal={Chem. Phys. Lett.},
volume={550},
pages={15--18},
year={2012},
publisher={Elsevier},
doi={10.1016/j.cplett.2012.08.035},
url={https://doi.org/10.1016/j.cplett.2012.08.035}
}

@article{schiedt1997,
title={{Photodetachment photoelectron spectroscopy of mass selected anions:
Anthracene and the anthracene-H$_2$O cluster}},
author={Schiedt, J. and Weinkauf, R.},
journal={Chem. Phys. Lett.},
volume={266},
number={1-2},
pages={201--205},
year={1997},
publisher={Elsevier},
doi={10.1016/S0009-2614(96)01512-6},
url={https://doi.org/10.1016/S0009-2614(96)01512-6}
}

@article{hager1988,
title={Two-laser photoionization supersonic jet mass spectrometry of aromatic
molecules},
author={Hager, J. W. and Wallace, S. C.},
journal={Anal. Chem.},
volume={60},
number={1},
pages={5--10},
year={1988},
publisher={ACS Publications},
doi={10.1021/ac00152a003},
url={https://pubs.acs.org/doi/abs/10.1021/ac00152a003}
}

@article{houk1976,
title={Ionization potentials, electron affinities, and reactivities of
cyanoalkenes and related electron-deficient alkenes. A frontier molecular
orbital treatment of cyanoalkene reactivities in cycloaddition, electrophilic,
nucleophilic, and radical reactions},
author={Houk, K. N. and Munchausen, L. L.},
journal={J. Am. Chem. Soc.},
volume={98},
number={4},
pages={937--946},
year={1976},
publisher={ACS Publications},
doi={10.1021/ja00420a012},
url={https://pubs.acs.org/doi/abs/10.1021/ja00420a012}
}

@article{knowles1974,
title={Ionization energies of formic and acetic acid monomers},
author={Knowles, D. J. and Nicholson, A. J. C.},
journal={J. Chem. Phys.},
volume={60},
number={3},
pages={1180--1181},
year={1974},
publisher={American Institute of Physics},
doi={10.1063/1.1681132},
url={https://aip.scitation.org/doi/abs/10.1063/1.1681132}
}

@article{mark1975,
title={Cross section for single and double ionization of N2 and O2 molecules
by electron impact from threshold up to 170 eV},
author={M{\"a}rk, T. D.},
journal={J. Chem. Phys.},
volume={63},
number={9},
pages={3731--3736},
year={1975},
publisher={American Institute of Physics},
doi={10.1063/1.431864},
url={https://aip.scitation.org/doi/abs/10.1063/1.431864}
}


@article{guo1998single,
title={Single and double ionization of diatomic molecules in strong laser
fields},
author={Guo, C. and Li, M. and Nibarger, J. P. and Gibson, G. N.},
journal={Phys. Rev. A},
volume={58},
number={6},
pages={R4271},
year={1998},
publisher={American Physical Society},
doi={10.1103/PhysRevA.58.R4271},
url={https://link.aps.org/doi/10.1103/PhysRevA.58.R4271}
}


@article{Tonkyn1989,
title={{Rotationally resolved photoionization of O$^{2+}$ near threshold}},
author={Tonkyn, R. G. and Winniczek, J. W. and White, M. G.},
journal={Chem. Phys. Lett.},
volume={164},
number={2-3},
pages={137--142},
year={1989},
publisher={Elsevier},
doi={10.1016/0009-2614(89)85005-5},
url={https://doi.org/10.1016/0009-2614(89)85005-5}
}

@article{McCormack1989,
title={{Measurement of high Rydberg states and the ionization potential of
H$_{2}$}},
author={McCormack, E. and Gilligan, J. M. and Cornaggia, C. and Eyler, E. E.},
journal={Phys. Rev. A},
volume={39},
number={4},
pages={2260},
year={1989},
publisher={American Physical Society},
doi={10.1103/PhysRevA.39.2260},
url={https://link.aps.org/doi/10.1103/PhysRevA.39.2260}
}

@article{Batten1978,
title={{Photoionization processes at threshold. II. Threshold photoelectron,
photoionization, and coincidence ion-threshold photoelectron spectra of
BF$_{3}$}},
author={Batten, C. F. and Taylor, J. A. and Tsai, B. P. and Meisels, G. G.},
journal={J. Chem. Phys.},
volume={69},
number={6},
pages={2547--2552},
year={1978},
publisher={American Institute of Physics},
doi={10.1063/1.436898},
url={https://aip.scitation.org/doi/10.1063/1.436898}
}

@article{eremets1995optical,
title={Optical properties of cubic boron nitride},
author={Eremets, M. I. and Gauthier, M. and Polian, A. and Chervin, J. C.
and Besson, J. M. and Dubitskii, G. A. and Semenova, Y. Y.},
journal={Phys. Rev. B},
volume={52},
number={12},
pages={8854},
year={1995},
publisher={American Physical Society},
doi={10.1103/PhysRevB.52.8854},
url={https://link.aps.org/doi/10.1103/PhysRevB.52.8854}
}

@article{icenogle1976refractive,
title={Refractive indexes and temperature coefficients of germanium and
silicon},
author={Icenogle, H. W. and Platt, B. C. and Wolfe, W. L.},
journal={Appl. Opt.},
volume={15},
number={10},
pages={2348--2351},
year={1976},
publisher={Optical Society of America},
doi={10.1364/AO.15.002348},
url={https://www.osapublishing.org/ao/abstract.cfm?uri=ao-15-10-2348}

}

@article{PhysRev.184.713,
title={Higher Donor Excited States for Prolate-Spheroid Conduction
Bands: A Reevaluation of Silicon and Germanium},
author={Faulkner, R. A.},
journal={Phys. Rev.},
volume={184},
issue={3},
pages={713--721},
numpages={0},
year={1969},
month={Aug},
publisher={American Physical Society},
doi={10.1103/PhysRev.184.713},
url={https://link.aps.org/doi/10.1103/PhysRev.184.713}
}

@article{briggs1950optical,
title={Optical effects in bulk silicon and germanium},
author={Briggs, H. B.},
journal={Phys. Rev.},
volume={77},
number={2},
pages={287},
year={1950},
publisher={American Physical Society},
doi={10.1103/PhysRev.77.287},
url={https://link.aps.org/doi/10.1103/PhysRev.77.287}
}

@article{robertson2004high,
title={High dielectric constant oxides},
author={Robertson, J.},
journal={Eur. Phys. J. Appl. Phys.},
volume={28},
number={3},
pages={265--291},
year={2004},
publisher={EDP Sciences},
doi={10.1051/epjap:2004206},
url={https://doi.org/10.1051/epjap:2004206}
}

@article{malitson1965interspecimen,
title={Interspecimen comparison of the refractive index of fused silica},
author={Malitson, I. H.},
journal={J. Opt. Soc. Am.},
volume={55},
number={10},
pages={1205--1209},
year={1965},
publisher={Optical Society of America},
url={http://www.osapublishing.org/abstract.cfm?URI=josa-55-10-1205},
doi={10.1364/JOSA.55.001205}
}

@article{Kwee2008,
title={Finite-Size Correction in Many-Body Electronic Structure Calculations},
author={Kwee, H. and Zhang, S. and Krakauer, H.},
journal={Phys. Rev. Lett.},
volume={100},
issue={12},
pages={126404},
numpages={4},
year={2008},
month={Mar},
publisher={American Physical Society},
doi={10.1103/PhysRevLett.100.126404},
url={http://link.aps.org/doi/10.1103/PhysRevLett.100.126404}
}

@article{Chiesa2006,
title={Finite-Size Error in Many-Body Simulations with Long-Range
Interactions},
author={Chiesa, S. and Ceperley, D. M. and Martin, R. M. and
Holzmann, M.},
journal={Phys. Rev. Lett.},
volume={97},
issue={7},
pages={076404},
numpages={4},
year={2006},
month={Aug},
publisher={American Physical Society},
doi={10.1103/PhysRevLett.97.076404},
url={http://link.aps.org/doi/10.1103/PhysRevLett.97.076404}
}

@article{Foulkes2001,
title={Quantum {M}onte {C}arlo simulations of solids},
author={Foulkes, W. M. C. and Mitas, L. and Needs, R. J. and Rajagopal, G.},
journal={Rev. Mod. Phys.},
volume={73},
issue={1},
pages={33--83},
year={2001},
month={Jan},
publisher={American Physical Society},
doi={10.1103/RevModPhys.73.33},
url={http://link.aps.org/doi/10.1103/RevModPhys.73.33}
}

@article{Umrigar2007,
title={{Alleviation of the Fermion-Sign Problem by Optimization of Many-Body
Wave Functions}},
author={Umrigar, C. J. and Toulouse, Julien and Filippi, Claudia and
Sorella, S. and Hennig, R. G.},
journal={Phys. Rev. Lett.},
volume={98},
issue={11},
pages={110201},
numpages={4},
year={2007},
month={Mar},
publisher={American Physical Society},
doi={10.1103/PhysRevLett.98.110201},
url={http://link.aps.org/doi/10.1103/PhysRevLett.98.110201}
}

@article{Keldysh1979,
author={L. V. Keldysh},
title={Coulomb interaction in thin semiconductor and semimetal films},
journal={J.\ Exp.\ Theor.\ Phys.},
volume={29},
number={11},
pages={658},
url={http://www.jetpletters.ac.ru/ps/1458/article_22207.shtml},
year={1979}
}

@article{Rytova1965coulomb,
title={Coulomb interaction of electrons in a thin film},
author={Rytova, N. S.},
journal={Dokl. Akad. Nauk. SSSR},
volume={163},
pages={1118--1120},
year={1965}
}

@article{Rytova1967screened,
title={Screened potential of a point charge in the thin film},
author={Rytova, N. S.},
journal={Vestn. Mosk. Univ. Fiz. Astron.},
volume={3},
pages={30--37},
year={1967}
}

@article{Liang2014,
title={Electronic Bandgap and Edge Reconstruction in Phosphorene Materials},
author={Liang, L. and Wang, J. and Lin, W. and Sumpter, B. G. and
Meunier, V. and Pan, M.},
journal={Nano Lett.},
volume={14},
number={11},
pages={6400-6406},
year={2014},
doi={10.1021/nl502892t},
URL={https://doi.org/10.1021/nl502892t}
}

@article{Choi2015,
title={Linear Scaling of the Exciton Binding Energy versus the Band Gap of
Two-Dimensional Materials},
author={Choi, J.-H. and Cui, P. and Lan, H. and Zhang, Z.},
journal={Phys. Rev. Lett.},
volume={115},
issue={6},
pages={066403},
numpages={5},
year={2015},
month={Aug},
publisher={American Physical Society},
doi={10.1103/PhysRevLett.115.066403},
url={https://link.aps.org/doi/10.1103/PhysRevLett.115.066403}
}

@article{Seixas2015,
title={Exciton binding energies and luminescence of phosphorene under pressure},
author={Seixas, L. and Rodin, A. S. and Carvalho, A. and Castro Neto, A. H.},
journal={Phys. Rev. B},
volume={91},
issue={11},
pages={115437},
numpages={5},
year={2015},
month={Mar},
publisher={American Physical Society},
doi={10.1103/PhysRevB.91.115437},
url={https://link.aps.org/doi/10.1103/PhysRevB.91.115437}
}

@Article{Yang2015,
author={Yang, J. and Xu, R. and Pei, J. and Myint, Y. W. and Wang, F. and
Wang, Z. and Zhang, S. and Yu, Z. and Lu, Y.},
title={Optical tuning of exciton and trion emissions in monolayer phosphorene},
journal={Light Sci. Appl.},
year={2015},
month={Jul},
day={17},
volume={4},
pages={e312},
url={http://dx.doi.org/10.1038/lsa.2015.85}
}

@article{CastellanosGomez2014,
author={A. Castellanos-Gomez and L. Vicarelli and E. Prada and
J. O. Island and K. L. Narasimha-Acharya and S. I. Blanter and
D. J. Groenendijk and M. Buscema and G. A. Steele and J. V. Alvarez and
H. W. Zandbergen and J. J. Palacios and H. S. J. van der Zant},
title={Isolation and characterization of few-layer black phosphorus},
journal={2D Mater.},
volume={1},
number={2},
pages={025001},
url={http://stacks.iop.org/2053-1583/1/i=2/a=025001},
year={2014}
}

@article{Chaves2015,
title={Anisotropic exciton Stark shift in black phosphorus},
author={Chaves, A. and Low, T. and Avouris, P. and \c{C}ak{\i}r, D. and
Peeters, F. M.},
journal={Phys. Rev. B},
volume={91},
issue={15},
pages={155311},
numpages={7},
year={2015},
month={Apr},
publisher={American Physical Society},
doi={10.1103/PhysRevB.91.155311},
url={https://link.aps.org/doi/10.1103/PhysRevB.91.155311}
}

@Article{Wang2015,
author={Wang, X. and Jones, A. M. and Seyler, K. L. and Tran, V. and
Jia, Y. and Zhao, H. and Wang, H. and Yang, L. and Xu, X. and Xia, F.},
title={Highly anisotropic and robust excitons in monolayer black phosphorus},
journal={Nature Nanotechnol.},
year={2015},
month={Apr},
day={27},
publisher={Nature Publishing Group},
volume={10},
pages={517-521},
url={http://dx.doi.org/10.1038/nnano.2015.71}
}

@article{Tran2014,
title={Layer-controlled band gap and anisotropic excitons in few-layer black phosphorus},
author={Tran, V. and Soklaski, R. and Liang, Y. and Yang, L.},
journal={Phys. Rev. B},
volume={89},
issue={23},
pages={235319},
numpages={6},
year={2014},
month={Jun},
publisher={American Physical Society},
doi={10.1103/PhysRevB.89.235319},
url={https://link.aps.org/doi/10.1103/PhysRevB.89.235319}
}

@article{Tran2015,
author={V. Tran and R. Fei and L. Yang},
title={Quasiparticle energies, excitons, and optical spectra of few-layer black
phosphorus},
journal={2D Mater.},
volume={2},
number={4},
pages={044014},
url={http://stacks.iop.org/2053-1583/2/i=4/a=044014},
year={2015}
}

@article{Zhang2018,
author={Zhang, G. and Chaves, A. and Huang, S. and Wang, F. and Xing, Q. and
Low, T. and Yan, H.},
title={Determination of layer-dependent exciton binding energies in few-layer
black phosphorus},
journal={Sci. Adv.},
volume={4},
number={3},
year={2018},
publisher={American Association for the Advancement of Science},
url={http://dx.doi.org/10.1126/sciadv.aap9977}
}

@Article{Li2016,
author={Li, L. and Kim, J. and Jin, C. and Ye, G. J. and Qiu, D. Y. and
da Jornada, F. H. and Shi, Z. and Chen, L. and Zhang, Z. and Yang, F. and
Watanabe, K. and Taniguchi, T. and Ren, W. and Louie, S. G. and Chen, X. H. and
Zhang, Y. and Wang, F.},
title={Direct observation of the layer-dependent electronic structure in
phosphorene},
journal={Nature Nanotechnol.},
year={2016},
month={Sep},
day={19},
publisher={Nature Publishing Group},
volume={12},
pages={21--25},
url={http://dx.doi.org/10.1038/nnano.2016.171}
}

@Article{Qiao2014,
author={Qiao, J. and Kong, X. and Hu, Z.-X. and Yang, F. and Ji, W.},
title={High-mobility transport anisotropy and linear dichroism in few-layer
black phosphorus},
journal={Nat. Commun.},
year={2014},
month={Jul},
day={21},
volume={5},
pages={4475},
url={http://dx.doi.org/10.1038/ncomms5475}
}

@article{Mostaani2017,
title={Diffusion quantum Monte Carlo study of excitonic complexes in
two-dimensional transition-metal dichalcogenides},
author={Mostaani, E. and Szyniszewski, M. and Price, C. H. and Maezono, R. and
Danovich, M. and Hunt, R. J. and Drummond, N. D. and Fal'ko, V. I.},
journal={Phys. Rev. B},
volume={96},
issue={7},
pages={075431},
numpages={24},
year={2017},
month={Aug},
publisher={American Physical Society},
doi={10.1103/PhysRevB.96.075431},
url={https://link.aps.org/doi/10.1103/PhysRevB.96.075431}
}

@article{Marsusi2011,
title={Comparison of quantum Monte Carlo with time-dependent and static
density-functional theory calculations of diamondoid excitation energies and
Stokes shifts},
author={Marsusi, F. and Sabbaghzadeh, J. and Drummond, N. D.},
journal={Phys. Rev. B},
volume={84},
issue={24},
pages={245315},
numpages={11},
year={2011},
month={Dec},
publisher={American Physical Society},
doi={10.1103/PhysRevB.84.245315},
url={https://link.aps.org/doi/10.1103/PhysRevB.84.245315}
}


@article{Muller1991,
title={High-resolution zero kinetic energy (ZEKE) photoelectron spectroscopy of
molecular systems},
author={Muller-Dethlefs, K. and Schlag, E. W.},
journal={Annu. Rev. Phys. Chem.},
volume={42},
number={1},
pages={109--136},
year={1991},
doi={10.1146/annurev.pc.42.100191.000545},
url={http://dx.doi.org/10.1146/annurev.pc.42.100191.000545},
}

@article{Ceperley1991,
title={Fermion nodes},
author={Ceperley, D. M.},
journal={J. Stat. Phys.},
year={1991},
month={Jun},
volume={63},
number={5},
pages={1237--1267},
issn={1572-9613},
doi={10.1007/BF01030009},
url={https://doi.org/10.1007/BF01030009}
}

@article{Mitas2006,
title={Structure of Fermion Nodes and Nodal Cells},
author={Mitas, L.},
journal={Phys. Rev. Lett.},
volume={96},
issue={24},
pages={240402},
numpages={4},
year={2006},
month={Jun},
publisher={American Physical Society},
doi={10.1103/PhysRevLett.96.240402},
url={https://link.aps.org/doi/10.1103/PhysRevLett.96.240402}
}

@article{Bressanini2012,
title={Implications of the two nodal domains conjecture for ground state
fermionic wave functions},
author={Bressanini, D.},
journal={Phys. Rev. B},
volume={86},
issue={11},
pages={115120},
numpages={7},
year={2012},
month={Sep},
publisher={American Physical Society},
doi={10.1103/PhysRevB.86.115120},
url={https://link.aps.org/doi/10.1103/PhysRevB.86.115120}
}

@book{CourantMethods,
title={Methods of Mathematical Physics},
author={Courant, R. and Hilbert, D.},
publisher={John Wiley \& Sons},
address={New York},
year={1953},
volume={I}
}

@article{Bajdich2008,
title={Pfaffian pairing and backflow wavefunctions for electronic structure
quantum Monte Carlo methods},
author={Bajdich, M. and Mitas, L. and Wagner, L. K. and Schmidt, K. E.},
journal={Phys. Rev. B},
volume={77},
issue={11},
pages={115112},
numpages={13},
year={2008},
month={Mar},
publisher={American Physical Society},
doi={10.1103/PhysRevB.77.115112},
url={https://link.aps.org/doi/10.1103/PhysRevB.77.115112}
}


