
@article{Ando1982,
title={Electronic properties of two-dimensional systems},
author={Ando, T. and Fowler, A. B. and Stern, F.},
journal={Rev. Mod. Phys.},
volume={54},
issue={2},
pages={437--672},
numpages={0},
year={1982},
month={Apr},
publisher={American Physical Society},
doi={10.1103/RevModPhys.54.437},
url={https://link.aps.org/doi/10.1103/RevModPhys.54.437}
}
