@article{Foulkes1999,
title={{Symmetry constraints and variational principles in diffusion quantum
Monte Carlo calculations of excited-state energies}},
author={Foulkes, W. M. C. and Hood, R. Q. and Needs, R. J.},
journal={Physical Review B},
volume={60},
number={7},
pages={4558},
year={1999},
publisher={APS}
}

@article{Murphy2013,
title={Anisotropic charge screening and supercell size convergence of defect
formation energies},
author={Murphy, S. T. and Hine, N. D. M.},
journal={Physical Review B},
volume={87},
number={9},
pages={094111},
year={2013},
publisher={APS}
}

@article{Rajagopal1995,
title={{Variational and diffusion quantum Monte Carlo calculations at nonzero
wave vectors: Theory and application to diamond-structure germanium}},
author={Rajagopal, G. and Needs, R. J. and James, A. and Kenny, S. D. and
Foulkes, W. M. C.},
journal={Physical Review B},
volume={51},
number={16},
pages={10591},
year={1995},
publisher={APS}
}

@article{Drummond2006,
title={{Quantum Monte Carlo study of the Ne atom and the Ne+ ion}},
author={Drummond, N. D. and L{\'o}pez R{\'\i}os, P. and Ma, A. and Trail, J. R.
and Spink, G. G. and Towler, M. D. and Needs, R. J.},
journal={The Journal of Chemical Physics},
volume={124},
number={22},
pages={224104},
year={2006},
publisher={AIP}
}

@article{Rasch2012,
title={{Impact of electron density on the fixed-node errors in Quantum Monte
Carlo of atomic systems}},
author={Rasch, K. M. and Mit\`{a}\v{s}, L.},
journal={Chemical Physics Letters},
volume={528},
pages={59--62},
year={2012},
publisher={Elsevier}
}

@article{Chakravorty1993,
title={Ground-state correlation energies for atomic ions with 3 to 18
electrons},
author={Chakravorty, S. J. and Gwaltney, S. R. and Davidson, E. R. and
Parpia, F. A. and Fischer, C. F.},
journal={Physical Review A},
volume={47},
number={5},
pages={3649},
year={1993},
publisher={APS}
}

@article{Reynolds1982,
title={Fixed-node quantum Monte Carlo for molecules},
author={Reynolds, P. J. and Ceperley, D. M. and Alder, B. J. and
Lester Jr, W. A.},
journal={The Journal of Chemical Physics},
volume={77},
number={11},
pages={5593--5603},
year={1982},
publisher={AIP}
}

@article{Mostaani2016,
title={Quasiparticle and excitonic gaps of one-dimensional carbon chains},
author={Mostaani, E. and Monserrat, B. and Drummond, N. D. and Lambert, C. J.},
journal={{Physical Chemistry Chemical Physics}},
volume={18},
number={22},
pages={14810--14821},
year={2016},
publisher={Royal Society of Chemistry}
}


@article{Khuseynov2012,
title={Photoelectron spectroscopy and photochemistry of tetracyanoethylene
radical anion in the gas phase},
author={Khuseynov, D. and Fontana, M. T. and Sanov, A.},
journal={Chemical Physics Letters},
volume={550},
pages={15--18},
year={2012},
publisher={Elsevier}
}


@book{Nist2005,
address={Gaithersburg MD, 20899},
citeulike-article-id={3211271},
citeulike-linkout-0={http://webbook.nist.gov},
editor={Linstrom, P. J. and Mallard, W. G.},
keywords={chemical-properties, spectroscopy},
month=jun,
posted-at={2008-09-10 08:26:11},
priority={2},
publisher={{National Institute of Standards and Technology}},
title={{NIST Chemistry WebBook, NIST Standard Reference Database Number 69}},
url={http://webbook.nist.gov},
year={2005}
}


@article{Richard2016,
title={{Accurate Ionization Potentials and Electron Affinities of Acceptor
Molecules I. Reference Data at the CCSD (T) Complete Basis Set Limit}},
author={Richard, R. M. and Marshall, M. S. and Dolgounitcheva, O. and
Ortiz, J. V. and BreÃÅdas, J.-L. and Marom, N. and Sherrill, C. D.},
journal={{Journal of Chemical Theory and Computation}},
volume={12},
number={2},
pages={595--604},
year={2016},
publisher={ACS Publications}
}

@article{Blase2011,
title={{First-principles GW calculations for fullerenes, porphyrins,
phtalocyanine, and other molecules of interest for organic photovoltaic
applications}},
author={Blase, X. and Attaccalite, C. and Olevano, V.},
journal={Physical Review B},
volume={83},
number={11},
pages={115103},
year={2011},
publisher={APS}
}

@article{Kaplan2016,
title={{Quasi-Particle Self-Consistent GW for Molecules}},
author={Kaplan, F. and Harding, M. E. and Seiler, C. and Weigend, F. and
Evers, F. and van Setten, M. J.},
journal={Journal of Chemical Theory and Computation},
volume={12},
number={6},
pages={2528--2541},
year={2016},
publisher={ACS Publications}
}

@article{Williamson1998,
title={{Diffusion quantum Monte Carlo calculations of the excited states of
silicon}},
author={Williamson, A. J. and Hood, R. Q. and Needs, R. J. and Rajagopal, G.},
journal={Physical Review B},
volume={57},
number={19},
pages={12140},
year={1998},
publisher={APS}
}

@article{Wirtz2006,
title={Excitons in boron nitride nanotubes: dimensionality effects},
author={Wirtz, L. and Marini, A. and Rubio, A.},
journal={Physical Review Letters},
volume={96},
number={12},
pages={126104},
year={2006},
publisher={APS}
}

@article{Drummond2013,
title={{Diffusion quantum Monte Carlo calculation of the quasiparticle
effective mass of the two-dimensional homogeneous electron gas}},
author={Drummond, N. D. and Needs, R. J.},
journal={Physical Review B},
volume={87},
number={4},
pages={045131},
year={2013},
publisher={APS}
}

@article{Drummond2016,
title={Trail-Needs pseudopotentials in quantum Monte Carlo calculations with
plane-wave/blip basis sets},
author={Drummond, N. D. and Trail, J. R. and Needs, R. J.},
journal={Physical Review B},
volume={94},
number={16},
pages={165170},
year={2016},
publisher={APS}
}
