@article{Foulkes2001,
author = {Foulkes, W. M. C. and Mitas, L. and Needs, R. J. and Rajagopal, G.},
journal = {RMP},
number = {1},
pages = {33--83},
title = {{Quantum Monte Carlo simulations of solids}},
volume = {{\bf 73}},
year = {2001}
}

@article{hedin1965new,
  title={New method for calculating the one-particle Green's function with application to the electron-gas problem},
  author={Hedin, L.},
  journal={Phys. Rev.},
  volume={139},
  number={3A},
  pages={A796},
  year={1965},
  publisher={APS}
}

@article{aryasetiawan1998gw,
  title={The GW method},
  author={Aryasetiawan, F. and Gunnarsson, O.},
  journal={Rep. Prog. in Phys.},
  volume={61},
  number={3},
  pages={237},
  year={1998},
  publisher={IOP Publishing}
}

@article{kato1957eigenfunctions,
  title={On the eigenfunctions of many-particle systems in quantum mechanics},
  author={Kato, T.},
  journal={Comms. on Pure and Appl. Math.},
  volume={10},
  number={2},
  pages={151--177},
  year={1957},
  publisher={Wiley Online Library}
}

@article{Shilfgaarde2006,
  title = {{Quasiparticle Self-Consistent $GW$ Theory}},
  author = {van Schilfgaarde, M. and Kotani, Takao and Faleev, S.},
  journal = {Phys. Rev. Lett.},
  volume = {96},
  issue = {22},
  pages = {226402},
  numpages = {4},
  year = {2006},
  month = {Jun},
  publisher = {American Physical Society},
  doi = {10.1103/PhysRevLett.96.226402},
  url = {http://link.aps.org/doi/10.1103/PhysRevLett.96.226402}
}

